// ----------------------

@CONFERENCE{fbg_1,
  author = {Williams D.L. and Ainslie B.J. and Kashyap R. and Maxwell G.D. and Armitage J.R. and Campbell R.J. and Wyatt R.},
  title = {},
  booktitle = {Proc. SPIE, 2044, 55},
  year = {1993},
  language = {english}
}

@BOOK{fbg_2,
  title = { ical Fiber Technology},
  publisher = {},
  year = {1994},
  editor = {},
  author = {Kashyap R.},
  language = {english}
}

@ARTICLE{fbg_3,
  author = {Т. Д. Чудинова and Д. В. Чудинов},
  title = {Методы изготовления фотоиндуцированных решеток показателя преломления},
  journal = {Отчет ПС 10.11789/2, РФЯЦ-ВНИИТФ, Снежинск},
  year = {2010},
  volume = {},
  pages = {},
  language = {russian}
}

@ARTICLE{fbg_4,
  author = {4.  А. М. Поляков and Д. В. Чудинов},
  title = {Расчет спектра отражения брэгговской решетки},
  journal = {Отчет ПС 13.13133, РФЯЦ-ВНИИТФ, Снежинск},
  year = {2013},
  volume = {},
  pages = {},
  language = {russian}
}

// ----------------------

@ARTICLE{Jain37,
  AUTHOR        = {H. Yum},
  TITLE              = {A 6-beam combiner using superimposed volume index holographic gratings},
  JOURNAL       = {Master Thesis, Texas A&M University},
  YEAR              = {2004},
  volume          = {},
  number         = {},
  pages           = {},
  language = {english}
}

@BOOK{Jain46,
  title = {Introduction to High Power Fiber Lasers},
  publisher = {Directed Energy Professional Society, Albuquerque, NM},
  year = {2009},
  editor = {},
  author = {R. A. Motes and R. W. Berdine},
  language = {english}
}

@ARTICLE{Jain91,
  AUTHOR        = {O. Andrusyak and V. Smirnov and G. Venus and N. Vorobiev and L. Glebov},
  TITLE              = {Applications of volume Bragg gratings for spectral control and beam combining of high power fiber lasers},
  JOURNAL       = {Proceedings of SPIE},
  YEAR              = {2009},
  volume          = {7195},
  number         = {},
  pages           = {71951Q},
  language = {english}
}

@ARTICLE{Jain95,
  AUTHOR =       {T. T. Y. Fan},
  TITLE =        {Laser beam combining for high-power, high-radiance sources},
  JOURNAL =      {IEEE Journal of Selected Topics in Quantum Electronics},
  YEAR =         {2005},
  volume =       {11},
  number =       {3},
  pages =        {567-577},
  language = {english}
}

@ARTICLE{Jain96,
  AUTHOR        = {P. Sprangle and A. Ting and R. Fischer and B. Hafizi},
  TITLE              = {High-Power Fiber Lasers for Directed-Energy Applications},
  JOURNAL       = {NRL Review},
  YEAR              = {2008},
  volume          = {},
  number         = {},
  pages           = {89-99},
  language = {english}
}

@ARTICLE{Jain97,
  AUTHOR =  {IPG Photonics},
  TITLE       = {},
}

// http://www.ipgphotonics.com/apps_materials_multi_advantages.htm

@ARTICLE{Jain98,
  AUTHOR        = {B. S. Tan and P. B. Phua and R. F. Wu},
  TITLE              = {Spectral beam combining of Yb-doped fiber lasers using wavelength dependent polarization rotators and polarization beam combiners},
  JOURNAL       = {IEEE Photonics Global Singapore},
  YEAR              = {2008},
  volume          = {},
  number         = {},
  pages           = {13-16},
  language = {english}
}

@ARTICLE{Jain99,
  AUTHOR        = {F. Roser and S. Klingebiel and A. Liem and T. Schreiber and S. Hofer and J. Limpert and T. Peschel and R. Eberhardt and A. Tunnermann},
  TITLE              = {Spectral combining of fiber lasers},
  JOURNAL       = {Fiber Lasers III: Technology, Systems, and Applications},
  YEAR              = {2006},
  volume          = {6102},
  number         = {1},
  pages           = {61020T-6},
  language = {english}
}

@ARTICLE{Jain100,
  AUTHOR        = {A. Liu},
  TITLE              = {Spectral beam combining of high-power fiber lasers},
  JOURNAL       = {Proceedings of SPIE},
  YEAR              = {2006},
  volume          = {5335},
  number         = {},
  pages           = {621307-9},
  language = {english}
}

@ARTICLE{Jain101,
  AUTHOR        = {Z. Sheng-bao and Z. Shang-hong and C. Xing-chun and W. Zhuo-liang and S. Lei},
  TITLE              = {Spectral beam combining of fiber lasers based on a transmitting volume Bragg grating},
  JOURNAL       = {Optics & Laser Technology},
  YEAR              = {2010},
  volume          = {42},
  number         = {2},
  pages           = {308-312},
  language = {english}
}

@ARTICLE{Jain102,
  AUTHOR        = {C. Wirth and O. Schmidt and I. Tsybin and T. Schreiber and T. Peschel and F. Brückner and T. Clausnitzer and J. Limpert and R. Eberhardt},
  TITLE              = {2 kW incoherent beam combining of four narrow-linewidth photonic crystal fiber amplifiers},
  JOURNAL       = {Optics Express},
  YEAR              = {2009},
  volume          = {17},
  number         = {3},
  pages           = {1178},
  language = {english}
}

@ARTICLE{Jain103,
  AUTHOR        = {P. Madasamy and T. Loftus and A. Thomas and P. Jones and E. Honea},
  TITLE              = {Comparison of spectral beam combining approaches for high power fiber laser systems},
  JOURNAL       = {Proceedings of SPIE},
  YEAR              = {2008},
  volume          = {6952},
  number         = {},
  pages           = {695207-10},
  language = {english}
}

@ARTICLE{Jain104,
  AUTHOR        = {O. Andrusyak and I. Ciapurin and V. Smirnov and G. Venus and N. Vorobiev and L. Glebov},
  TITLE              = {External and common-cavity high spectral density beam combining of high power fiber lasers},
  JOURNAL       = {Proceedings of SPIE},
  YEAR              = {2008},
  volume          = {6873},
  number         = {},
  pages           = {687314-8},
  language = {english}
}

@ARTICLE{Jain105,
  AUTHOR        = {S. Augst and A. Goyal and R. Aggarwal and T. Fan and A. Sanchez},
  TITLE              = {Wavelength beam combining of ytterbium fiber lasers},
  JOURNAL       = { ics letters},
  YEAR              = {2003},
  volume          = {28},
  number         = {5},
  pages           = {331-333},
  language = {english}
}

@ARTICLE{Jain106,
  AUTHOR        = {T. H. Loftus and A. Liu and P. R. Hoffman and A. M. Thomas and M. Norsen and R. Royse and E. Honea},
  TITLE              = {522 W average power, spectrally beam-combined fiber laser with near-diffraction-limited beam quality},
  JOURNAL       = { ics letters},
  YEAR              = {2007},
  volume          = {32},
  number         = {4},
  pages           = {349-351},
  language = {english}
}

@ARTICLE{Jain107,
  AUTHOR        = {T. H. Loftus and A. M. Thomas and P. R. Hoffman and M. Norsen and R. Royse and A. Liu and E. C. Honea and A. Spectrally},
  TITLE              = {Spectrally Beam-Combined Fiber Lasers for High-Average-Power Applications},
  JOURNAL       = {Quantum},
  YEAR              = {2007},
  volume          = {13},
  number         = {3},
  pages           = {487-497},
  language = {english}
}

@ARTICLE{Jain108,
  AUTHOR        = {C. Wirth and O. Schmidt and I. Tsybin and T. Schreiber and R. Eberhardt and J. Limpert and A. Tünnermann and K. Ludewigt and M. Gowin},
  TITLE              = {High average power spectral beam combining of four fiber amplifiers to 8.2 kW},
  JOURNAL       = { ics letters},
  YEAR              = {2011},
  volume          = {36},
  number         = {16},
  pages           = {3118},
  language = {english}
}

@ARTICLE{Jain109,
  AUTHOR        = {T. Russell and W. Roh and J. Marciante},
  TITLE              = {Incoherent beam combining using stimulated Brillouin scattering in multimode fibers},
  JOURNAL       = { ics Express},
  YEAR              = {2001},
  volume          = {8},
  number         = {4},
  pages           = {246},
  language = {english}
}

@ARTICLE{Jain110,
  AUTHOR        = {T. M. Shay and V. Benham},
  TITLE              = {First experimental demonstration of phase locking of amplified  ical fiber arrays by RF phase modulation},
  JOURNAL       = {The 17th Annual Meeting of the IEEELasers and Electro- ics Society, LEOS},
  YEAR              = {2004},
  volume          = {2},
  number         = {},
  pages           = {873-874},
  language = {english}
}

@ARTICLE{Jain111,
  AUTHOR        = {M. A. Vorontsov and T. Weyrauch and L. A. Beresnev and G. W. Carhart and L. Liu and K. Aschenbach},
  TITLE              = {Adaptive array of phase-locked fiber collimators: analysis and experimental demonstration},
  JOURNAL       = {IEEE JOURNAL OF SELECTED TOPICS IN QUANTUM ELECTRONICS},
  YEAR              = {2009},
  volume          = {15},
  number         = {2},
  pages           = {269},
  language = {english}
}

@ARTICLE{Jain112,
  AUTHOR        = {P. Zhou and Z. Liu and X. Wang and Y. Ma and H. Ma and X. Xu and S. Guo},
  TITLE              = {Coherent beam combining of fiber amplifiers using stochastic parallel gradient descent algorithm and its application},
  JOURNAL       = {IEEE JOURNAL OF SELECTED TOPICS IN QUANTUM ELECTRONICS},
  YEAR              = {2009},
  volume          = {15},
  number         = {2},
  pages           = {256},
  language = {english}
}

@ARTICLE{Jain113,
  AUTHOR        = {J. Bourderionnet and C. Bellanger and J. Primot and A. Brignon},
  TITLE              = {Collective coherent phase combining of 64 fibers},
  JOURNAL       = { ics Express},
  YEAR              = {2011},
  volume          = {19},
  number         = {18},
  pages           = {17053},
  language = {english}
}

@ARTICLE{Jain114,
  AUTHOR        = {T. M. Shay and V. Benham and J. T. Baker and B. Ward and A. D. Sanchez and M. a Culpepper and D. Pilkington and J. Spring and D. J. Nelson},
  TITLE              = {First experimental demonstration of self-synchronous phase locking of an  ical array},
  JOURNAL       = { ics Express},
  YEAR              = {2006},
  volume          = {14},
  number         = {25},
  pages           = {12015-12021},
  language = {english}
}

@ARTICLE{Jain115,
  AUTHOR        = {C. Yu and J. Kansky and S. Shaw and D. Murphy and C. Higgs},
  TITLE              = {Coherent beam combining of a large number of PM fibers in a 2D fiber array},
  JOURNAL       = {Lasers and Electro- ics and 2006 Quantum Electronics and Laser Science Conference. CLEO/QELS 2006},
  YEAR              = {2006},
  volume          = {42},
  number         = {18},
  pages           = {1-2},
  language = {english}
}

@ARTICLE{Jain116,
  AUTHOR        = {A. Flores and T. Shay and C. Lu},
  TITLE              = {Coherent beam combining of fiber amplifiers in a kW regime},
  JOURNAL       = {Lasers and Electro},
  YEAR              = {2011},
  volume          = {},
  number         = {},
  pages           = {3-4},
  language = {english}
}

@ARTICLE{Jain117,
  AUTHOR        = {C. X. Yu and S. J. Augst and S. M. Redmond and K. C. Goldizen and D. V. Murphy and A. Sanchez and T. Y. Fan},
  TITLE              = {Coherent combining of a 4 kW, eight-element fiber amplifier array},
  JOURNAL       = { ics Letters},
  YEAR              = {2011},
  volume          = {36},
  number         = {14},
  pages           = {2686},
  language = {english}
}

@ARTICLE{Jain118,
  AUTHOR        = {X. Wang and P. Zhou and Y. Ma and J. Leng and X. Xu and Z. Liu},
  TITLE              = {Active phasing a nine-element 1.14 kW all-fiber two-tone MOPA array using SPGD algorithm},
  JOURNAL       = { ics Letters},
  YEAR              = {2011},
  volume          = {36},
  number         = {16},
  pages           = {3121},
  language = {english}
}

@ARTICLE{Jain119,
  AUTHOR        = {S. J. Mcnaught and J. E. Rothenberg and P. A. Thielen and M. G. Wickham and M. E. Weber and G. D. Goodno},
  TITLE              = {Coherent Combining of a 1.26-kW Fiber Amplifier},
  JOURNAL       = {Quantum},
  YEAR              = {2010},
  volume          = {},
  number         = {},
  pages           = {1-3},
  language = {english}
}

@ARTICLE{Jain120,
  AUTHOR        = {M. Wickham},
  TITLE              = {Coherent beam combining of fiber amplifiers and solid-state lasers , including the use of diffractive  ical elements},
  JOURNAL       = {},
  YEAR              = {2010},
  volume          = {},
  number         = {},
  pages           = {27-28},
  language = {english}
}

@ARTICLE{Jain121,
  AUTHOR        = {S. M. Redmond and K. J. Creedon and J. E. Kansky and S. J. Augst and L. J. Missaggia and M. K. Connors and R. K. Huang and B. Chann and T. Y. Fan},
  TITLE              = {Active coherent beam combining of diode lasers},
  JOURNAL       = { ics Letters},
  YEAR              = {2011},
  volume          = {36},
  number         = {6},
  pages           = {999},
  language = {english}
}

@ARTICLE{Jain122,
  AUTHOR        = {T. Weyrauch and M. A. Vorontsov and G. W. Carhart and L. A. Beresnev and A. P. Rostov and E. E. Polnau and J. J. Liu},
  TITLE              = {Experimental demonstration of coherent beam combining over a 7 km propagation path},
  JOURNAL       = { ics Letters},
  YEAR              = {2011},
  volume          = {36},
  number         = {22},
  pages           = {4455-4457},
  language = {english}
}

@ARTICLE{Jain123,
  AUTHOR        = {P. Bourdon and V. Jolivet and B. Bennai and L. Lombard and G. Canat and E. Pourtal and Y. Jaouen and O. Vasseur},
  TITLE              = {Coherent beam combining of fiber amplifier arrays and application to laser beam propagation through turbulent atmosphere},
  JOURNAL       = {Proceedings of SPIE},
  YEAR              = {2008},
  volume          = {6873},
  number         = {},
  pages           = {687316},
  language = {english}
}

@ARTICLE{Jain124,
  AUTHOR        = {X. Wang and J. Leng and P. Zhou and W. Du and H. Xiao and Y. Ma and X. Dong and X. Xu and Z. Liu},
  TITLE              = {Phase locking of a 275W high power all-fiber amplifier seeded by two categories of multi-tone lasers},
  JOURNAL       = { ics Express},
  YEAR              = {2011},
  volume          = {19},
  number         = {8},
  pages           = {7312},
  language = {english}
}

@ARTICLE{Jain125,
  AUTHOR        = {R. Uberna and A. Bratcher and T. G. Alley and A. D. Sanchez and S. Flores and B. Pulford},
  TITLE              = {Coherent combination of high power fiber amplifiers in a two-dimensional re-imaging waveguide},
  JOURNAL       = {Technology Review},
  YEAR              = {2010},
  volume          = {18},
  number         = {13},
  pages           = {13547-13553},
  language = {english}
}

@ARTICLE{Jain126,
  AUTHOR        = {R. Uberna and A. Bratcher and B. G. Tiemann},
  TITLE              = {Coherent Polarization Beam Combination},
  JOURNAL       = {IEEE Journal of Quantum Electronics},
  YEAR              = {2010},
  volume          = {46},
  number         = {8},
  pages           = {1191-1196},
  language = {english}
}

@ARTICLE{Jain127,
  AUTHOR        = {E. C. Cheung and J. G. Ho and G. D. Goodno and R. R. Rice and J. Rothenberg and P. Thielen and M. Weber and M. Wickham},
  TITLE              = {Diffractive- ics-based beam combination of a phase-locked fiber laser array},
  JOURNAL       = { ics Letters},
  YEAR              = {2008},
  volume          = {33},
  number         = {4},
  pages           = {354-356},
  language = {english}
}

@ARTICLE{Jain128,
  AUTHOR        = {M. Wickham and E. C. Cheung and J. G. Ho and G. D. Goodno and R. R. Rice and J. Rothenberg and P. Thielen and M. Weber},
  TITLE              = {Coherent combination of fiber lasers with a diffractive  ical element},
  JOURNAL       = {Advanced Solid-State Photonics},
  YEAR              = {2008},
  volume          = {},
  number         = {},
  pages           = {5-7},
  language = {english}
}

@ARTICLE{Jain129,
  AUTHOR        = {S. M. Redmond and D. J. Ripin and C. X. Yu and S. J. Augst and T. Y. Fan and P. A. Thielen and J. E. Rothenberg and G. D. Goodno},
  TITLE              = {Diffractive coherent combining of a 2.5 kW fiber laser array into a 1.9 kW Gaussian beam},
  JOURNAL       = { ics Letters},
  YEAR              = {2012},
  volume          = {37},
  number         = {14},
  pages           = {2832},
  language = {english}
}

@ARTICLE{Jain130,
  AUTHOR        = {P. Thielen and J. Ho, D. Burchman and G. Goodno and J. Rothenberg and M. Wickham and A. Flores and C. Lu and B. Pulford},
  TITLE              = {Two-Dimensional Diffractive Coherent Beam Combining},
  JOURNAL       = {Lasers, Sources, and Related Photonic Devices, OSA Technical Digest},
  YEAR              = {2012},
  volume          = {},
  number         = {},
  pages           = {},
  language = {english}
}

@ARTICLE{Jain131,
  AUTHOR        = {T. J. Wagner},
  TITLE              = {Fiber laser beam combining and power scaling progress: Air Force Research Laboratory Laser Division},
  JOURNAL       = {Proceedings of the SPIE},
  YEAR              = {2012},
  volume          = {8237},
  number         = {},
  pages           = {823718-9},
  language = {english}
}

@ARTICLE{Jain132,
  AUTHOR        = {M. L. Minden and H. Bruesselbach and J. L. Rogers and M. S. Mangir and D. C. Jones and G. J. Dunning and D. L. Hammon and A. J. Solis and L. Vaughan},
  TITLE              = {Self-organized coherence in fiber laser arrays},
  JOURNAL       = {Proceedings of SPIE},
  YEAR              = {2004},
  volume          = {5335},
  number         = {},
  pages           = {89-97},
  language = {english}
}

@ARTICLE{Jain133,
  AUTHOR        = {P. Cheo and A. Liu and G. King},
  TITLE              = {A high-brightness laser beam from a phase-locked multicore Yb-dopedfiber laser array},
  JOURNAL       = {IEEE Photonics Technology Letters},
  YEAR              = {2001},
  volume          = {13},
  number         = {5},
  pages           = {439-441},
  language = {english}
}

@ARTICLE{Jain134,
  AUTHOR        = {M. Khajavikhan and J. R. Leger},
  TITLE              = {Modal Analysis of Path Length Sensitivity in Superposition Architectures for Coherent Laser Beam Combining},
  JOURNAL       = {IEEE Journal of Selected Topics in Quantum Electronics},
  YEAR              = {2009},
  volume          = {15},
  number         = {2},
  pages           = {281},
  language = {english}
}

@ARTICLE{Jain135,
  AUTHOR        = {J. Morel and A. Woodtli and R. Dandliker},
  TITLE              = {Coherent coupling of an array of Nd3+-doped single-mode fiber lasers by use of an intracavity phase grating},
  JOURNAL       = { ics Letters},
  YEAR              = {1993},
  volume          = {18},
  number         = {18},
  pages           = {1520},
  language = {english}
}

@ARTICLE{Jain136,
  AUTHOR        = {A. Shirakawa and T. Sekiguchi and K. Matsuo and K. Ueda},
  TITLE              = {Scalable coherent beam combining of fiber lasers},
  JOURNAL       = {},
  YEAR              = {2003},
  volume          = {},
  number         = {},
  pages           = {3},
  language = {english}
}

@ARTICLE{Jain137,
  AUTHOR        = {B. Wang and E. Mies and M. Minden and A. Sanchez},
  TITLE              = {All-fiber passive Coherent Arrays Combining Four High Power Fiber Lasers},
  JOURNAL       = {Technology Review},
  YEAR              = {2009},
  volume          = {3},
  number         = {},
  pages           = {12-14},
  language = {english}
}

@ARTICLE{Jain138,
  AUTHOR        = {A. Shirakawa and T. Sekiguchi and K. Matsuo and K. Ueda},
  TITLE              = {Scalable coherent beam combining of fiber lasers},
  JOURNAL       = {Lasers and Electro- ics, 2003, CLEO’03},
  YEAR              = {2003},
  volume          = {},
  number         = {},
  pages           = {3},
  language = {english}
}

@ARTICLE{Jain139,
  AUTHOR        = {A. Shirakawa and T. Saitou and T. Sekiguchi and K. Ueda},
  TITLE              = {Coherent addition of fiber lasers by use of a fiber coupler},
  JOURNAL       = { ics Express},
  YEAR              = {2002},
  volume          = {24},
  number         = {21},
  pages           = {1814-1816},
  language = {english}
}

@ARTICLE{Jain140,
  AUTHOR        = {D. Sabourdy and V. Kermene and A. Desfarges-Berthelemot and L. Lefort and A. Barthelemy and P. Even and D. Pureur},
  TITLE              = {Efficient coherent combining of widely tunable fiber lasers},
  JOURNAL       = { ics Express},
  YEAR              = {2003},
  volume          = {11},
  number         = {2},
  pages           = {87-97},
  language = {english}
}

@ARTICLE{Jain141,
  AUTHOR        = {W. Chang and T. Wu and H. G. Winful and A. Galvanauskas},
  TITLE              = {Array size scalability of passively coherently phased fiber laser arrays},
  JOURNAL       = { ics Express},
  YEAR              = {2010},
  volume          = {18},
  number         = {9},
  pages           = {9634-9642},
  language = {english}
}

@ARTICLE{Jain142,
  AUTHOR        = {A. Shirakawa and K. Matsuo and K. Ueda},
  TITLE              = {Power summation and bandwidth narrowing in coherently-coupled fiber laser array},
  JOURNAL       = {Lasers and Electro- ics, 2004, CLEO},
  YEAR              = {2004},
  volume          = {2},
  number         = {},
  pages           = {2-4},
  language = {english}
}

@ARTICLE{Jain143,
  AUTHOR        = {A. Ishaaya and N. Davidson and A. Friesem},
  TITLE              = {Passive Laser Beam Combining With Intracavity Interferometric Combiners},
  JOURNAL       = {IEEE JOURNAL OF SELECTED TOPICS IN},
  YEAR              = {2009},
  volume          = {15},
  number         = {2},
  pages           = {301-311},
  language = {english}
}

@ARTICLE{Jain144,
  AUTHOR        = {H. Bruesselbach and D. C. Jones and M. S. Mangir and M. Minden and J. L. Rogers},
  TITLE              = {Self-organized coherence in fiber laser arrays},
  JOURNAL       = { ics Letters},
  YEAR              = {2005},
  volume          = {30},
  number         = {11},
  pages           = {1339-1341},
  language = {english}
}

@ARTICLE{Jain145,
  AUTHOR        = {H. Bruesselbach and M. Minden and J. Rogers and D. Jones and M. Mangir},
  TITLE              = {200 W self-organized coherent fiber arrays},
  JOURNAL       = {Lasers and Electro- ics, 2005, CLEO},
  YEAR              = {2005},
  volume          = {},
  number         = {},
  pages           = {3-5},
  language = {english}
}

@ARTICLE{Jain146,
  AUTHOR        = {Vytran},
  TITLE              = {Vytran Demonstrates Over 100W from Coherently Combined All-Fiber Passive Laser Arrays},
  JOURNAL       = {Vytran Press Release},
  YEAR              = {2010},
  volume          = {},
  number         = {},
  pages           = {},
  language = {english}
}

@ARTICLE{Jain147,
  AUTHOR        = {B. Wang and A. Sanchez},
  TITLE              = {All-fiber Passive Coherent Beam Combining of Fiber Lasers and Challenges},
  JOURNAL       = {Energy},
  YEAR              = {2012},
  volume          = {1},
  number         = {},
  pages           = {17-18},
  language = {english}
}

@ARTICLE{Jain148,
  AUTHOR        = {A. F. Glova},
  TITLE              = {Phase locking of  ically coupled lasers},
  JOURNAL       = {Quantum Electronics},
  YEAR              = {2003},
  volume          = {33},
  number         = {4},
  pages           = {283-306},
  language = {english}
}

@ARTICLE{Jain149,
  AUTHOR        = {T. Wu and W. Chang and A. Galvanauskas and H. G. Winful},
  TITLE              = {Model for passive coherent beam combining in fiber laser arrays},
  JOURNAL       = { ics Express},
  YEAR              = {2009},
  volume          = {17},
  number         = {22},
  pages           = {19509-19518},
  language = {english}
}

@ARTICLE{Jain150,
  AUTHOR        = {T. Y. Fan},
  TITLE              = {The Effect of Amplitude (Power) Variations on Beam Combining Efficiency for Phased Arrays},
  JOURNAL       = {Selected Topics in Quantum Electronics, IEEE Journal of},
  YEAR              = {2009},
  volume          = {15},
  number         = {},
  pages           = {291-293},
  language = {english}
}

@ARTICLE{Jain151,
  AUTHOR        = {D. Kouznetsov and J.-F. Bisson and A. Shirakawa and K. Ueda},
  TITLE              = {Limits of Coherent Addition of Lasers: Simple Estimate},
  JOURNAL       = { ical Review},
  YEAR              = {2005},
  volume          = {12},
  number         = {6},
  pages           = {445-447},
  language = {english}
}

@ARTICLE{Jain152,
  AUTHOR        = {K. Wiesenfeld and S. Peles and J. L. Rogers},
  TITLE              = {Effect of Gain-Dependent Phase Shift on Fiber Laser Synchronization},
  JOURNAL       = {IEEE Journal of Selected Topics in Quantum Electronics},
  YEAR              = {2009},
  volume          = {15},
  number         = {2},
  pages           = {312-319},
  language = {english}
}

@ARTICLE{Jain153,
  AUTHOR        = {T. F. Morse},
  TITLE              = { ically Pumped High Power Fiber Lasers},
  JOURNAL       = {Proceedings of SPIE},
  YEAR              = {2002},
  volume          = {4648},
  number         = {},
  pages           = {91-103},
  language = {english}
}

@ARTICLE{Jain154,
  AUTHOR        = {J. R. Leger and G. J. Swanson and W. B. Veldkamp},
  TITLE              = {Coherent laser addition using binary phase gratings},
  JOURNAL       = {Applied  ics},
  YEAR              = {1987},
  volume          = {26},
  number         = {20},
  pages           = {4391},
  language = {english}
}

@ARTICLE{Jain155,
  AUTHOR        = {M. Wrage and P. Glas and D. Fischer and M. Leitner and D. V. Vysotsky and A. P. Napartovich},
  TITLE              = {Phase locking in a multicore fiber laser by means of a Talbot resonator},
  JOURNAL       = { ics Letters},
  YEAR              = {2000},
  volume          = {25},
  number         = {19},
  pages           = {1436-1438},
  language = {english}
}

@ARTICLE{Jain156,
  AUTHOR        = {G. Lucas-Leclin and D. Paboeuf and P. Georges and N. Michel and M. Calligaro and M. Krakowski and J. J. Lim and S. Sujecki and E. Larkins},
  TITLE              = {External-cavity designs for phase-coupled laser diode arrays},
  JOURNAL       = {2009 High Power Diode Lasers and Systems Conference},
  YEAR              = {2009},
  volume          = {1},
  number         = {1},
  pages           = {1-2},
  language = {english}
}

@ARTICLE{Jain157,
  AUTHOR        = {A. Mafi and J. V. Moloney},
  TITLE              = {Phase locking in a passive multicore photonic crystal fiber},
  JOURNAL       = {Journal of the  ical Society of America B},
  YEAR              = {2004},
  volume          = {21},
  number         = {5},
  pages           = {897},
  language = {english}
}

@ARTICLE{Jain158,
  AUTHOR        = {M. Wrage and P. Glas and M. Leitner},
  TITLE              = {Combined phase locking and beam shaping of a multicore fiber laser by structured mirrors},
  JOURNAL       = { ics Letters},
  YEAR              = {2001},
  volume          = {26},
  number         = {13},
  pages           = {980-982},
  language = {english}
}

@ARTICLE{Jain159,
  AUTHOR        = {L. Michaille and C. R. Bennett and D. M. Taylor and T. J. Shepherd and J. Broeng and H. R. Simonsen and A. Petersson},
  TITLE              = {Phase locking and supermode selection in multicore photonic crystal fiber lasers with a large doped area},
  JOURNAL       = { ics Letters},
  YEAR              = {2005},
  volume          = {30},
  number         = {13},
  pages           = {1668-1670},
  language = {english}
}

@ARTICLE{Jain160,
  AUTHOR        = {L. Li and A. Schulzgen and S. Chen and V. Temyanko and J. Moloney and N. Peyghambarian},
  TITLE              = {Phase locking and in-phase supermode selection in monolithic multicore fiber lasers},
  JOURNAL       = { ics Letters},
  YEAR              = {2006},
  volume          = {31},
  number         = {17},
  pages           = {2577-2579},
  language = {english}
}

@ARTICLE{Jain161,
  AUTHOR        = {L. Li and A. Schülzgen and H. Li and V. L. Temyanko and J. V. Moloney and N. Peyghambarian},
  TITLE              = {Phase-locked multicore all-fiber lasers: modeling and experimental investigation},
  JOURNAL       = {Journal of the  ical Society of America B},
  YEAR              = {2007},
  volume          = {24},
  number         = {8},
  pages           = {1721},
  language = {english}
}

@ARTICLE{Jain162,
  AUTHOR        = {M. Caola},
  TITLE              = {Self-Fourier functions},
  JOURNAL       = {Journal of Physics A: Mathematical and General},
  YEAR              = {1991},
  volume          = {24},
  number         = {19},
  pages           = {},
  language = {english}
}

@ARTICLE{Jain163,
  AUTHOR        = {C. J. Corcoran and K. A. Pasch},
  TITLE              = {Self-Fourier functions and coherent laser combination},
  JOURNAL       = {Journal of Physics A: Mathematical and General},
  YEAR              = {2004},
  volume          = {37},
  number         = {37},
  pages           = {461-469},
  language = {english}
}

@ARTICLE{Jain164,
  AUTHOR        = {C. J. Corcoran and K. A. Pasch},
  TITLE              = {Modal analysis of a self-Fourier laser cavity},
  JOURNAL       = {Journal of  ics A: Pure and Applied  ics},
  YEAR              = {2005},
  volume          = {7},
  number         = {5},
  pages           = {1-7},
  language = {english}
}

@ARTICLE{Jain165,
  AUTHOR        = {C. J. Corcoran},
  TITLE              = {Passive Phasing in Coherent Laser Array},
  JOURNAL       = {Quantum},
  YEAR              = {2009},
  volume          = {15},
  number         = {2},
  pages           = {294-300},
  language = {english}
}

@ARTICLE{Jain166,
  AUTHOR        = {E. J. Bochove and C. J. Corcoran},
  TITLE              = {In-phase supermode selection in a multicore fiber laser array by means of a self-Fourier external cavity},
  JOURNAL       = {Applied  ics},
  YEAR              = {2007},
  volume          = {46},
  number         = {22},
  pages           = {5009},
  language = {english}
}

@ARTICLE{Jain167,
  AUTHOR        = {C. J. Corcoran and F. Durville},
  TITLE              = {Experimental demonstration of a phase-locked laser array using a self-Fourier cavity},
  JOURNAL       = {Applied Physics Letters},
  YEAR              = {2005},
  volume          = {86},
  number         = {20},
  pages           = {201118},
  language = {english}
}

@ARTICLE{Jain168,
  AUTHOR        = {C. J. Corcoran and F. Durville},
  TITLE              = {Coherent array of high power fiber lasers},
  JOURNAL       = {SSDLTR Technical Digest},
  YEAR              = {2007},
  volume          = {},
  number         = {},
  pages           = {10-12},
  language = {english}
}

@ARTICLE{Jain169,
  AUTHOR        = {L. Liu and Y. Zhou and F. Kong and Y. Chen and K. K. Lee},
  TITLE              = {Phase locking in a fiber laser array with varying path lengths},
  JOURNAL       = {Applied Physics Letters},
  YEAR              = {2004},
  volume          = {85},
  number         = {21},
  pages           = {4837},
  language = {english}
}

@ARTICLE{Jain170,
  AUTHOR        = {B. Nelson and S. A. Shakir},
  TITLE              = {A Dramatic Approach to High-Power Fiber Lasers},
  JOURNAL       = {ITEA Journal},
  YEAR              = {2008},
  volume          = {29},
  number         = {},
  pages           = {7-8},
  language = {english}
}

@ARTICLE{Jain171,
  AUTHOR        = {T. H. Loftus and A. M. Thomas and M. Norsen and J. Minelly and P. Jones and E. Honea and S. A. Shakir and S. Hendow and W. Culver},
  TITLE              = {Four-channel, high power, passively phase locked fiber array},
  JOURNAL       = {Advanced Solid-State Photonics},
  YEAR              = {2008},
  volume          = {},
  number         = {},
  pages           = {4-6},
  language = {english}
}

@ARTICLE{Jain172,
  AUTHOR        = {J. Lhermite and A. Desfarges-Berthelemot and V. Kermene and A. Barthelemy},
  TITLE              = {Passive phase locking of an array of four fiber amplifiers by an all- ical feedback loop},
  JOURNAL       = { ics Letters},
  YEAR              = {2007},
  volume          = {32},
  number         = {13},
  pages           = {1842-1844},
  language = {english}
}

@ARTICLE{Jain173,
  AUTHOR        = {E. J. Bochove and S. A. Shakir},
  TITLE              = {Analysis of a Spatial-Filtering Passive Fiber Laser Beam Combining System},
  JOURNAL       = {IEEE JOURNAL OF SELECTED TOPICS IN QUANTUM ELECTRONICS},
  YEAR              = {2009},
  volume          = {15},
  number         = {2},
  pages           = {320-327},
  language = {english}
}

@ARTICLE{Jain174,
  AUTHOR        = {J. E. Rothenberg},
  TITLE              = {Passive coherent phasing of fiber laser arrays},
  JOURNAL       = {Proceedings of SPIE},
  YEAR              = {2008},
  volume          = {6873},
  number         = {},
  pages           = {687315},
  language = {english}
}

@ARTICLE{Jain175,
  AUTHOR        = {S. A. Shakir and S. T. Hendow and W. R. Culver and B. E. Nelson},
  TITLE              = {Passive phasing of fiber lasers},
  JOURNAL       = {U.S. Patent No. US7130113},
  YEAR              = {2006},
  volume          = {},
  number         = {},
  pages           = {},
  language = {english}
}

@ARTICLE{Jain176,
  AUTHOR        = {J. Leger and C. Wan},
  TITLE              = {Measurements of Phase Error Tolerance in Passive Coherent Beam Combining},
  JOURNAL       = {CLEO: Science and Innovations},
  YEAR              = {2012},
  volume          = {},
  number         = {},
  pages           = {},
  language = {english}
}

@ARTICLE{Locset20,
  AUTHOR        = {G. Goodno},
  TITLE              = {Brightness-Scaling Potential of Actively Phase-Locked Solid-State Laser Arrays},
  JOURNAL       = {IEEE Journal of Quantum Electronics},
  YEAR              = {2007},
  volume          = {13},
  number         = {3},
  pages           = {460-472},
  language = {english}
}

@ARTICLE{Locset21,
  AUTHOR        = {J. Anderegg},
  TITLE              = {Coherently Coupled High Power Fiber Arrays},
  JOURNAL       = {Proc. of SPIE},
  YEAR              = {2006},
  volume          = {6102},
  number         = {},
  pages           = {61020U-1-61020U-5},
  language = {english}
}

@ARTICLE{Locset22,
  AUTHOR        = {E. Cheung},
  TITLE              = {Diffractive- ics-based beam combination of a phaselocked fiber laser array},
  JOURNAL       = { ics Letters},
  YEAR              = {2008},
  volume          = {33},
  number         = {4},
  pages           = {354-356},
  language = {english}
}

@ARTICLE{Locset23,
  AUTHOR        = {G. Goodno},
  TITLE              = {Active phase and polarization locking of a 1.4 kW fiber amplifier},
  JOURNAL       = { ics Letters},
  YEAR              = {2010},
  volume          = {35},
  number         = {10},
  pages           = {1542-1544},
  language = {english}
}

@ARTICLE{Locset24,
  AUTHOR        = {G. Goodno},
  TITLE              = {Coherent combination of high-power zigzag slab laser},
  JOURNAL       = { ics Letters},
  YEAR              = {2006},
  volume          = {31},
  number         = {9},
  pages           = {1247-1249},
  language = {english}
}

@ARTICLE{Locset25,
  AUTHOR        = {M. Vorontsov},
  TITLE              = {Adaptive Phase Distortion Correction Based On Parallel Gradient Descent  imization},
  JOURNAL       = { ics Letters},
  YEAR              = {1997},
  volume          = {22},
  number         = {12},
  pages           = {907 – 909},
  language = {english}
}

@ARTICLE{Locset26,
  AUTHOR        = {L. Liu},
  TITLE              = {Adaptive Phase-Locked Fiber Array with Wavefront Phase Tip-Tilt Compensation using Piezoelectric Fiber Positioners},
  JOURNAL       = {Proc. of SPIE},
  YEAR              = {2007},
  volume          = {6708},
  number         = {},
  pages           = {67080K-1 – 67080K-12},
  language = {english}
}

@ARTICLE{Locset27,
  AUTHOR        = {X. Wang},
  TITLE              = {Coherent Beam Combination of Two W-Level Fiber Amplifiers in Turbulence Atmospheric Environment Based on Stochastic Parallel Gradient Descent Algorithm},
  JOURNAL       = {Laser Physics: Coherent Phenomena and Holography},
  YEAR              = {2009},
  volume          = {19},
  number         = {5},
  pages           = {984 – 988},
  language = {english}
}

@ARTICLE{Locset28,
  AUTHOR        = {P. Zhou},
  TITLE              = {Coherent Beam Combination of Two Dimensional High Power Fiber Amplifier Array Using Stochastic Parallel Gradient Descent Algorithm},
  JOURNAL       = {Applied Physics Letters},
  YEAR              = {2009},
  volume          = {94},
  number         = {231106},
  pages           = {1 – 3},
  language = {english}
}

@ARTICLE{Locset29,
  AUTHOR        = {P. Zhou},
  TITLE              = {Coherent Beam Combination of Three Watt-Level Fiber Amplifiers Using a DSP-Based Stochastic Parallel Gradient Descent Algorithm},
  JOURNAL       = {Chinese Physics Letters},
  YEAR              = {2009},
  volume          = {26},
  number         = {4},
  pages           = {1 – 4},
  language = {english}
}

@ARTICLE{Locset30,
  AUTHOR        = {P. Zhou},
  TITLE              = {Coherent Beam Combining of Two Fiber Amplifiers Using Stochastic Parallel Gradient Descent Algorithm},
  JOURNAL       = { ics & Laser Technology},
  YEAR              = {2009},
  volume          = {41},
  number         = {},
  pages           = {853 – 856},
  language = {english}
}

@ARTICLE{Locset31,
  AUTHOR        = {G. Cauwenberghs},
  TITLE              = {A Fast Stochastic Error-Descent Algorithm for Supervised Learning and  imization},
  JOURNAL       = {Proc. of Advances in Neural Information Processing Systems},
  YEAR              = {1993},
  volume          = {},
  number         = {},
  pages           = {},
  language = {english}
}

@ARTICLE{Locset32,
  AUTHOR        = {J. Kansky},
  TITLE              = {Beam control of a 2D polarization maintaining fiber  ic phased array with high fiber count},
  JOURNAL       = {Proc of SPIE},
  YEAR              = {2006},
  volume          = {6306},
  number         = {},
  pages           = {63060G-1 – 63060G-11},
  language = {english}
}

@ARTICLE{Locset33,
  AUTHOR        = {T. Shay},
  TITLE              = {Theoretical Model for Self-Synchronous Locking of  ical Coherence by Single-detector Electronic Frequency Tagging},
  JOURNAL       = {CLEO Proceedings},
  YEAR              = {2007},
  volume          = {},
  number         = {},
  pages           = {CWD2},
  language = {english}
}

@ARTICLE{Locset34,
  AUTHOR        = {T. Shay},
  TITLE              = {Theory of electronically phased coherent beam combination without a reference beam},
  JOURNAL       = { ics Express},
  YEAR              = {2006},
  volume          = {14},
  number         = {25},
  pages           = {12188-12195},
  language = {english}
}

@ARTICLE{Locset35,
  AUTHOR        = {T. Shay},
  TITLE              = {A Novel Technique for Electronic Phasing of High Power Fiber Amplifier Arrays},
  JOURNAL       = {Proc. of SPIE},
  YEAR              = {2009},
  volume          = {7386},
  number         = {},
  pages           = {73860W-1 – 73860W-8},
  language = {english}
}

@ARTICLE{Locset36,
  AUTHOR        = {T. Shay},
  TITLE              = {High power phase locking of a fiber amplifier array},
  JOURNAL       = {Proc. of SPIE},
  YEAR              = {2009},
  volume          = {7195},
  number         = {},
  pages           = {71951M-1-71951M-8},
  language = {english}
}

@ARTICLE{Locset37,
  AUTHOR        = {T. Shay},
  TITLE              = {Self-Synchronous and Self-Referenced Coherent Beam Combination for Large  ical Arrays},
  JOURNAL       = {IEEE Journal of Selected Topics in Quantum Electronics},
  YEAR              = {2007},
  volume          = {13},
  number         = {3},
  pages           = {480-486},
  language = {english}
}

@ARTICLE{Locset38,
  AUTHOR        = {T. Shay},
  TITLE              = {Phasing Locking of High Power Fiber Amplifier Arrays},
  JOURNAL       = {OSA: Proc. of ASSP},
  YEAR              = {2010},
  volume          = {},
  number         = {},
  pages           = {AMA1},
  language = {english}
}

@ARTICLE{Locset39,
  AUTHOR        = {T. Shay},
  TITLE              = {First experimental demonstration of self-synchronous phase locking of an  ical array},
  JOURNAL       = { ics Express},
  YEAR              = {2006},
  volume          = {14},
  number         = {25},
  pages           = {12015-12021},
  language = {english}
}

@ARTICLE{Locset40,
  AUTHOR        = {T. Shay},
  TITLE              = {Narrow Linewidth Coherent Beam Combining of  ical Fiber Amplifier Arrays},
  JOURNAL       = {Proc. of SPIE},
  YEAR              = {2007},
  volume          = {6451},
  number         = {},
  pages           = {64511N-1-64511N-15},
  language = {english}
}

@ARTICLE{Locset41,
  AUTHOR        = {T. Shay},
  TITLE              = {Self-Referenced Locking of  ical Coherence by Single Detector Electronic-Frequency Tagging},
  JOURNAL       = {U.S. Patent No. 7233433},
  YEAR              = {2007},
  volume          = {},
  number         = {},
  pages           = {},
  language = {english}
}

@ARTICLE{Locset42,
  AUTHOR        = {T. Shay},
  TITLE              = {Self-Referenced Locking of  ical Coherence By Single Detector Electronic Frequency Tagging},
  JOURNAL       = {U.S. Patent No. 7187492},
  YEAR              = {2007},
  volume          = {},
  number         = {},
  pages           = {},
  language = {english}
}

@ARTICLE{Locset43,
  AUTHOR        = {T. Shay},
  TITLE              = {Self-Synchronous Locking of  ical Coherence By Single Detector Electronic-Frequency Tagging},
  JOURNAL       = {U.S. Patent No. 7058098},
  YEAR              = {2006},
  volume          = {},
  number         = {},
  pages           = {},
  language = {english}
}

@ARTICLE{NRL3,
  AUTHOR        = {P. Sprangle and J. Peñano and B. Hafizi and A. Ting},
  TITLE              = {Incoherent Combining of High-Power Fiber Lasers for Long-Range Directed Energy Applications},
  JOURNAL       = {Journal of Directed Energy},
  YEAR              = {2007},
  volume          = {2},
  number         = {},
  pages           = {273-284},
  language = {english}
}

@ARTICLE{NRL5,
  AUTHOR        = {J. Peñano and P. Sprangle and B. Hafizi},
  TITLE              = {Propagation of High Energy Laser Beams Through Atmospheric Stagnation Zones},
  JOURNAL       = {Journal of Directed Energy},
  YEAR              = {2006},
  volume          = {2},
  number         = {},
  pages           = {107},
  language = {english}
}

@BOOK{NRL6,
  title = {Laser Beam Propagation through Random Media},
  publisher = {SPIE Press, Bellingham, WA},
  year = {2005},
  editor = {},
  author = {L. C. Andrews and R. L. Phillips},
  language = {english}
}

@CONFERENCE{NRL7,
  author = {R. L. Fante},
  title = {Electromagnetic Beam Propagation in Turbulent Media},
  booktitle = {Proc. IEEE},
  year = {2012},
  volume          = {2},
  pages           = {1669-1692},
  language = {english}
}

@CONFERENCE{Locset_pulford,
  AUTHOR        = {B. Pulford},
  TITLE              = {Phase Locking an Array of Fiber Amplifiers onto a Remote Object},
  JOURNAL       = {CLEO},
  YEAR              = {2010},
  volume          = {},
  number         = {},
  pages           = {CThO5},
  language = {english}
}

@ARTICLE{app_frid_3,
  AUTHOR        = {G. Kirchner and F. Koidl and F. Iqbal},
  TITLE              = {Pushing Graz SLR from 2 kHz to 10 kHz repetition rate},
  JOURNAL       = {17th International Workshop on Laser Ranging},
  YEAR              = {2011},
  volume          = {},
  number         = {},
  pages           = {},
  language = {english}
}

@BOOK{app_frid_4,
  title = {Перенос оптических сигналов в земной атмосфере (в условиях помех)},
  publisher = {М.: Сов.радио},
  year = {1977},
  editor = {},
  author = {В.Е. Зуев and М.В. Кабанов},
  language = {russian}
}

@BOOK{app_frid_5,
  title = {Оптическая локация. Теоретические основы приема и обработки оптических сигналов: Монография},
  publisher = {Х.: Вировец А.П. «Апостроф»},
  year = {2010},
  editor = {Под ред. Заслуженного изобретателя Украины, доктора технических наук, профессора А.И. Стрелкова},
  author = {А.И. Стрелков and Т.А. Стрелкова and А.П. Лытюга and С.В. Москвитин},
  language = {russian}
}

@ARTICLE{app_frid_src,
  AUTHOR        = {А.И. Стрелков and Е.И. Жилин and А.П. Лытюга and И.В. Любич},
  TITLE              = {Учет параметров турбулентности атмосферы при формировании зондирующих сигналов лазерных локационных систем контроля космического пространства},
  JOURNAL       = {Системи обробки інформації},
  YEAR              = {2012},
  volume          = {9},
  number         = {107},
  pages           = {92-95},
  language = {russian}
}


// -------------------------------


@ARTICLE{Hill78,
  AUTHOR =       {K. O. Hill and Y. Fujii and D. C. Johnson and B. S. Kawasaki},
  TITLE =        {Photosensitivity in  ical fiber waveguides: application to reflection filter fabrication},
  JOURNAL =      {Appl. Phys. Lett.},
  YEAR =         {1978},
  volume =       {32},
  pages =        {647–652},
}


@ARTICLE{Meltz89,
  AUTHOR =       {G. Meltz and W. W. Morey and W. H. Gleen},
  TITLE =        {Formation of Bragg Gratings in  ical fiber by a transverse holographic method},
  JOURNAL =      { ics Letters},
  YEAR =         {1989},
  volume =       {14},
  pages =        {823-852},
}

@BOOK{Zommerfeld,
  AUTHOR =       {А. Зоммерфельд},
  TITLE =        {Оптика},
  PUBLISHER =    {Иностранная литература},
  YEAR =         {1953},
}

@BOOK{Wulf,
  AUTHOR =       {Ю. В. Вульф},
  TITLE =        {Избранные работы по кристаллофизике и кристаллографии},
  PUBLISHER =    {Москва},
  YEAR =         {1952},
}

@BOOK{Love,
  AUTHOR =       {А. Снайдер, Дж. Лав},
  TITLE =        {Теория оптических волноводов},
  PUBLISHER =    {Москва, "Радио и связь"},
  YEAR =         {1987},
}


@ARTICLE{Yamada87,
  AUTHOR =       {M. Yamada and K. Sakuda},
  TITLE =        {Analysis of almost-periodic distributed feedback slab waveguide via a fundamental matrix approach},
  JOURNAL =      {Appl.  .},
  YEAR =         {1987},
  volume =       {26},
  pages =        {3474-3478},
}


@ARTICLE{Russel93,
  AUTHOR =       {P. St. J. Russell and J. L. Archambault and L. Reekie},
  TITLE =        {Fiber gratings},
  JOURNAL =      {Physics World},
  YEAR =         {1993},
  volume =       {October 1993 issue},
  pages =        {41-46},
}

@ARTICLE{Hongzhi2000,
  AUTHOR =       {J. Hongzhi and L. Yulin},
  TITLE =        {First and second-order diffraction characteristics of fiber Bragg gratings},
  JOURNAL =      { . Comm.},
  YEAR =         {2000},
  volume =       {178},
  pages =        {339–343},
}

@ARTICLE{Patrick93,
  AUTHOR =       {H. Patrick and S. L. Gilbert},
  TITLE =        {Growth of Bragg gratings produced by continuous wave ultraviolet light in  ical fiber},
  JOURNAL =      { . Lett.},
  YEAR =         {1993},
  volume =       {40},
  pages =        {1484-1486},
}

@ARTICLE{Liu2002,
  AUTHOR =       {Y. Liu and J. A. R.Williams and L. Zhang and I. Bennion},
  TITLE =        {Abnormal spectral evolution of fibre Bragg gratings in hydrogenated fibres},
  JOURNAL =      { . Lett.},
  YEAR =         {2002},
  volume =       {27},
  pages =        {586-588},
}

@ARTICLE{Liu2002,
  AUTHOR =       {Y. Liu and J. A. R.Williams and L. Zhang and I. Bennion},
  TITLE =        {Abnormal spectral evolution of fibre Bragg gratings in hydrogenated fibres},
  JOURNAL =      { . Lett.},
  YEAR =         {2002},
  volume =       {27},
  pages =        {586-588},
}

@ARTICLE{Simpson2004,
  AUTHOR =       {A. G. Simpson and K. Kalli and K. Zhou and L. Zhang and I. Bennion},
  TITLE =        {Formation of type IA fibre Bragg gratings in germanosilicate  ical fibre},
  JOURNAL =      {Electron. Lett.},
  YEAR =         {2004},
  volume =       {40},
  pages =        {163-164},
}

@InProceedings{Simpson2003_1,
  author = {A. G. Simpson and K. Kalli and L. Zhang and K. Zhou and I. Bennion},
  title = {Abnormal photosensitivity effects and the formation of type IA FBGs},
  booktitle = {Conf. Bragg Gratings, Photosensitivity and Poling in Glass Waveguides (BGPP)},
   pages = {MD31},
   year = {2003},
   address = {Monterey, CA, USA},
}

@ARTICLE{Kalli2006,
  AUTHOR =       {K. Kalli and A. G. Simpson and K. Zhou and L. Zhang and I. Bennion},
  TITLE =        {Tailoring the temperature and strain coefficients of type I and type IA dual grating sensors – the impact of hydrogenation conditions},
  JOURNAL =      {Measurement Science and Technology},
  YEAR =         {2006},
  volume =       {17},
  pages =        {949-954},
}

@InProceedings{Simpson2003_2,
  author = {A. G. Simpson and K. Kalli and L. Zhang and K. Zhou and I. Bennion},
  title = {An idealised method for the fabrication of temperature invariant IA-I strain sensors},
  booktitle = {OFS-16},
   pages = {PD4},
   year = {2003},
   address = {Nara, Japan},
}

@ARTICLE{Riant97,
  AUTHOR =       {I. Riant and F. Haller},
  TITLE =        {Study of the photosensitivity at 193 nm and comparison with photosensitivity at 240 nm influence of fiber tension: type IIA aging},
  JOURNAL =      {J. Lightwave Technol.},
  YEAR =         {1997},
  volume =       {15},
  pages =        {1464-1469},
}

@ARTICLE{Archambault93,
  AUTHOR =       {J. L. Archambault and L. Reekie and P. St. J. Russell},
  TITLE =        {High reflectivity and narrow bandwidth fibre gratings written by single excimer pulse},
  JOURNAL =      {Electron. Lett.},
  YEAR =         {1993},
  volume =       {29},
  pages =        {28-29},
}

@ARTICLE{Bennion96,
  AUTHOR =       {I. Bennion and J. A. R.Williams and L. Zhang and K. Sugden and N. J.Doran},
  TITLE =        {UV-written in-fiber Bragg gratings},
  JOURNAL =      { . and Quantum Electron.},
  YEAR =         {1996},
  volume =       {28},
  pages =        {93-135},
}

@ARTICLE{Kashyap90,
  AUTHOR =       {R. Kashyap and J. R. Armitage and R.Wyatt and S. T.Davey and D. L.Williams},
  TITLE =        {All-fiber narrow band reflection grating at 1500 nm},
  JOURNAL =      {Electron. Lett.},
  YEAR =         {1990},
  volume =       {26},
  pages =        {730-732},
}

@ARTICLE{Egglton94,
  AUTHOR =       {B. J. Eggleton and P. A. Krug and L. Poladian},
  TITLE =        {Experimental demonstration of compression of dispersed  ical pulses by reflection from self-chirped  ical fiber Bragg gratings},
  JOURNAL =      { . Lett.},
  YEAR =         {1994},
  volume =       {19},
  pages =        {877-880},
}

@InProceedings{Limberger93,
  author = {H. G. Limberger and P. Y. Fonjallaz and P. Lambelet and Ch. Zimmer and R. P. Salathe and H. H. Gilgen},
  title = {Photosensitivity and self-organization in  ical fibers and waveguides},
  booktitle = {Photosensitivity and Self-Organization in  ical Fibers and Waveguides, Proc. SPIE},
  pages = {272-285},
  year = {1993},
}

@ARTICLE{Hill93,
  AUTHOR =       {K. O. Hill and B. Malo and F. Bilodeau and D. C. Johnson and J. Albert},
  TITLE =        {Bragg gratings fabricated in monomode photosensitive  ical fiber by UV exposure thorough a phase-mask},
  JOURNAL =      {Appl. Phys. Lett.},
  YEAR =         {1993},
  volume =       {62},
  pages =        {1035-1037},
}

@ARTICLE{Dyer96,
  AUTHOR =       {P. E. Dyer and R. J. Farley and R. Giedl},
  TITLE =        {Analysis and application of a 0/1 order Talbot interferometer for 193 nm laser grating formation},
  JOURNAL =      { ics Commun.},
  YEAR =         {1996},
  volume =       {129},
  pages =        {98-108},
}

@ARTICLE{Malo93,
  AUTHOR =       {B. Malo and K. O. Hill and F. Bilodeau and D. C. Johnson and J. Albert},
  TITLE =        {Point-by-point fabrication of micro-Bragg gratings in photosensitive fiber using single excimer pulse refractive index modification techniques},
  JOURNAL =      {Electron. Lett.},
  YEAR =         {1993},
  volume =       {29},
  pages =        {1668–1669},
}

@ARTICLE{Hill90,
  AUTHOR =       {K. O. Hill and B. Malo and K. A. Vineberg and F. Bilodeau and D. C. Johnson and I. Skinner},
  TITLE =        {Efficient mode-conversion in telecommunication fiber using externally written gratings},
  JOURNAL =      {Electron. Lett.},
  YEAR =         {1990},
  volume =       {26},
  pages =        {1270–1272},
}

@ARTICLE{Hill91,
  AUTHOR =       {K. O. Hill and F. Bilodeau and B. Malo and D. C. Johnson},
  TITLE =        {Birefringent photosensitivity in monomode  ical fibre: application to external writing of rocking filters},
  JOURNAL =      {Electron. Lett.},
  YEAR =         {1991},
  volume =       {27},
  pages =        {1548–1550},
}

@ARTICLE{Dianov97_1,
  AUTHOR =       {Е. М. Дианов and С. А. Васильев and О. И. Медведков and А.А.Фролов},
  TITLE =        {Динамика наведения показателя преломления при облучении германосиликатных световодов различными типами УФ излучений},
  JOURNAL =      {Квантовая электроника},
  YEAR =         {1997},
  volume =       {24},
  pages =        {9},
}

@InProceedings{Dianov97_2,
  author = {E. M. Dianov and D. S. Starodubov and S. A. Vasiliev and A. A. Frolov and O. I. Medvedkov},
  title = {Photosensitivity and self-organization in  ical fibers and waveguides},
  booktitle = {Proc. SPIE},
   pages = {154},
   year = {1997},
}

@InProceedings{Dianov96,
  author = {E. M. Dianov and S. A. Vasiliev and A. S. Kurkov and O. I. Medvedkov and V. N. Protopopov},
  booktitle = {ECOC'96},
   pages = {1},
   year = {1996},
   volume = {1},
   address = {Oslo},
}

@ARTICLE{Dianov97_3,
  AUTHOR =       {Е. М. Дианов and С. А. Васильев and Д. С. Стародубов and А. А. Фролов and О. И. Медведков},
  TITLE =        {Запись решеток показателя преломления в германосиликатных световодах излучением ближнего УФ диапазона},
  JOURNAL =      {Квантовая электроника},
  YEAR =         {1997},
  volume =       {24},
  pages =        {2},
}

@ARTICLE{Sun,
  AUTHOR =       {T. Sun and S. Pal and J. Mandal and K. T. V. Grattan},
  TITLE =        {Fibre Bragg grating fabrication using fluoride excimer laser for sensing and communication applications},
  JOURNAL =      {Lasers for Science Facility Programme – Physics},
  YEAR =         {1997},
  volume =       {24},
  pages =        {2},
}

@InProceedings{Sun,
author = {T. Sun and S. Pal and J. Mandal and K. T. V. Grattan},
title = {Fibre Bragg grating fabrication using fluoride excimer laser for sensing and communication applications},
booktitle = {Lasers for Science Facility Programme – Physics},
}

@ARTICLE{Zagorulko2001,
  AUTHOR =       {К. А. Загорулько and П. Г. Крюков and Ю. В. Ларионов},
  TITLE =        {Запись длиннопериодной решетки в волоконном световоде с помощью излучения второй гармоники фемтосекундного лазера на Ti:сапфире},
  JOURNAL =      {Квантовая электроника},
  YEAR =         {2001},
  volume =       {31},
  pages =        {11},
}

@ARTICLE{Hosono92,
  AUTHOR =       {H. Hosono and Y. Abe and D. L. Kinser and R. A. Weeks and K. Muta and H. Kawazoe},
  TITLE =        {Nature and origin of the 5-eV band in SiO$_2$:GeO$_2$ glasses},
  JOURNAL =      {Physical Review B},
  YEAR =         {1992},
  volume =       {46},
  pages =        {11445-11451},
}

@ARTICLE{Fujimaki98,
  AUTHOR =       {M. Fujimaki and T. Watanabe and T. Katoh and T. Kasahara and N. Miyazaki and Y. Ohki and H. Nishikawa},
  TITLE =        {Structures and generation mechanisms of paramagnetic centers and absorption bands responsible for Ge-doped SiO$_2$  ical-fiber gratings},
  JOURNAL =      {Physical Review B},
  YEAR =         {1998},
  volume =       {57},
  pages =        {3920-3926},
}

@ARTICLE{Skuja98,
  AUTHOR =       {L. Skuja},
  TITLE =        { ically active oxygen-deficiency-related centers in amorphous silicon dioxide},
  JOURNAL =      {Journal of Non-Crystalline Solids},
  YEAR =         {1998},
  volume =       {239},
  pages =        {16-48},
}

@ARTICLE{Nishi99,
  AUTHOR =       {J. Nishii and K. Kintaka and H. Hosono and H. Kawazoe and M. Kato and K. Muta},
  TITLE =        {Pair generation of Ge electron centers and self-trapped hole centers in GeO2-SiO2 glasses by KrF excimer-laser irradiation},
  JOURNAL =      {Physical Review B},
  YEAR =         {1999},
  volume =       {60},
  pages =        {7166-7169},
}

@ARTICLE{Skuja2000,
  AUTHOR =       {L. Skuja and M. Hirano and H. Hosono},
  TITLE =        {Oxygen-Related Intrinsic Defects in Glassy SiO$_2$: Interstitial Ozone Molecules},
  JOURNAL =      {Physical Review Letters},
  YEAR =         {2000},
  volume =       {84},
  pages =        {302-305},
}

@ARTICLE{Skuja2000,
  AUTHOR =       {L. Skuja and M. Hirano and H. Hosono},
  TITLE =        {Oxygen-Related Intrinsic Defects in Glassy SiO$_2$: Interstitial Ozone Molecules},
  JOURNAL =      {Physical Review Letters},
  YEAR =         {2000},
  volume =       {84},
  pages =        {302-305},
}

@ARTICLE{Kristensen2001,
  AUTHOR =       {M. Kristensen},
  TITLE =        {Ultraviolet-light-induced processes in germanium-doped silica},
  JOURNAL =      {Physical Review B},
  YEAR =         {2001},
  volume =       {64},
  pages =        {4201-4212},
}

@ARTICLE{Sceats93,
  AUTHOR =       {M. G. Sceats and G. R. Atkins and S.B. Poole},
  TITLE =        {Photolytic index changes in  ical fibers},
  JOURNAL =      {Annual Review of Material Science},
  YEAR =         {1993},
  volume =       {23},
  pages =        {381-410},
}

@ARTICLE{Limberger96,
  AUTHOR =       {H. G. Limberger and P. Y. Fonjallaz and R. P. Salath\acute{e} and F. Cochet},
  TITLE =        {Compaction- and photoelastic-induced index changes in fiber Bragg gratings},
  JOURNAL =      {Applied Physics Letters},
  YEAR =         {1996},
  volume =       {68},
  pages =        {3069-3071},
}

@ARTICLE{Douay97,
  AUTHOR =       {M. Douay and W X. Xie and T. Taunay and P. Bernage and P. Niay and P. Cordier and B. Poumellec and L. Dong and J.F. Bayon and H. Poignant and E. Delevaque},
  TITLE =        {Densification Involved in the UV-Based Photosensitivity of Silica Glasses and  ical Fibers},
  JOURNAL =      {Journal of Lightwave Technology},
  YEAR =         {1997},
  volume =       {15},
  pages =        {1329-1342},
}

@ARTICLE{Piao2000,
  AUTHOR =       {F. Piao and W. G. Oldham and E.E. Haller},
  TITLE =        {The mechanism of radiation-induced compaction in vitreous silica},
  JOURNAL =      {Journal of Non-Crystalline Solids},
  YEAR =         {2000},
  volume =       {276},
  pages =        {61-71},
}

@ARTICLE{Erdogan94,
  AUTHOR =       {T. Erdogan and V. Mizrahi and P. J. Lemaire and D. Monroe},
  TITLE =        {Decay of ultraviolet-induced fiber Bragg gratings},
  JOURNAL =      {Journal of Applied Physics},
  YEAR =         {1994},
  volume =       {76},
  pages =        {73-80},
}

@ARTICLE{Rathje2000,
  AUTHOR =       {J. Rathje and M. Kristensen and J.E. Pedersen},
  TITLE =        {Continuous anneal method for characterizing the thermal stability of ultraviolet written Bragg gratings},
  JOURNAL =      {Journal of Applied Physics},
  YEAR =         {2000},
  volume =       {88},
  pages =        {1050-1055},
}

@PhdThesis{Kristensen2003,
author = {M. Kristensen},
title = {Refractive Index Engineering in Silica Glass},
school = {Research Center COM, DTU, Kgs. Lyngby, Denmark},
year = {2003},
}

@BOOK{Hufner78,
  AUTHOR =       {S. Hufner},
  TITLE =        { ical Spectra of Transparent Rare Earth Compounds},
  PUBLISHER =    {Academic Press, New York},
  YEAR =         {1978},
}

@BOOK{Reisfeld77,
  AUTHOR =       {R. Reisfeld and C.K. Jorgensen},
  TITLE =        {Lasers and Excited States of Rare Earths},
  PUBLISHER =    {Springer-Verlag, Berlin},
  YEAR =         {1977},
}

@ARTICLE{Yuen82,
  AUTHOR =       {M. J. Yuen},
  TITLE =        {Ultraviolet absorption studies of germanium silicate glasses},
  JOURNAL =      {Applied  ics},
  YEAR =         {1982},
  volume =       {21},
  pages =        {136-140},
}

@ARTICLE{Pacchioni98,
  AUTHOR =       {G. Pacchioni and R. Ferrario},
  TITLE =        { ical transitions and EPR properties of two-coordinated Si, Ge, Sn and related H(I), H(II), and H(III) centers in pure and doped silica from \textit{ab initio} calculations},
  JOURNAL =      {Physical Review B},
  YEAR =         {1998},
  volume =       {58},
  pages =        {6090-6096},
}

@ARTICLE{Svalgaard94,
  AUTHOR =       {M. Svalgaard and C. V. Poulsen and A. Bjarklev and O. Poulsen},
  TITLE =        {Direct UV-writing of buried single-mode channel waveguides in Ge-doped silica films},
  JOURNAL =      {Electronics Letters},
  YEAR =         {1994},
  volume =       {30},
  pages =        {1401-1403},
}

@BOOK{Kashyap99Book,
  AUTHOR =       {R. Kashyap},
  TITLE =        {Fiber Bragg Gratings},
  PUBLISHER =    {Academic Press, San Diego, USA},
  YEAR =         {1999},
}

@ARTICLE{Warren34,
  AUTHOR =       {B. E. Warren},
  TITLE =        {X-ray determination of the structure of glass},
  JOURNAL =      {Journal of the American Ceramic Society},
  YEAR =         {1934},
  volume =       {17},
  pages =        {249-254},
}

@ARTICLE{Mozzi69,
  AUTHOR =       {R. L. Mozzi and B. E. Warren},
  TITLE =        {The Structure of Vitreous Silica},
  JOURNAL =      {Journal of Applied Crystallography},
  YEAR =         {1969},
  volume =       {2},
  pages =        {164-172},
}

@PhdThesis{Svalgaard97PhD,
author = {M. Svalgaard},
title = {Ultraviolet light induced refractive index structures in germanosilica},
school = {Mikrolektronik Centret, DTU, Kgs. Lyngby, Denmark},
year = {1997},
}

@ARTICLE{Svalgaard95,
  AUTHOR =       {M. Svalgaard},
  TITLE =        {Dynamics of ultraviolet induced luminescence and fiber Bragg grating formation in the high fluence regime},
  JOURNAL =      {OSA Technical Digest Series},
  YEAR =         {1995},
  volume =       {22},
  pages =        {160-163},
}

@ARTICLE{Kristensen2004,
  AUTHOR =       {M. Kristensen},
  TITLE =        {Model for UV-induced processes in germanium-doped silica},
  JOURNAL =      {DOPS-NYT},
  YEAR =         {2004},
  volume =       {04},
  pages =        {6-12},
}

@InProceedings{Brennan99_1,
author = {J. F. Brennan III and D. Sloan and M. May and D.L. LaBrake},
title = {The photosensitivity and UV-induced  ical loss of silica  ical fibers exposed to very high-pressure hydrogen environments},
booktitle = {Proceedings of SPIE},
 pages = {42-47},
 volume = {3847},
 year = {1999}
}

@InProceedings{Brennan99_2,
author = {J. F. Brennan III and D. Sloan and J. Dent and D.L. LaBrake},
title = {The behavior of silica  ical fibers exposed to very high-pressure hydrogen environments},
booktitle = {OFC’99},
 pages = {59-61},
 volume = {3847},
 address = {San Diego, California, USA},
 year = {1999}
}

@InProceedings{Butov2001,
author = {V. Butov and K. M. Golant and A.L. Tomashuk},
title = {Material dispersion and spectral dependence of photorefractive effect in silica glasses for fiber  ics},
booktitle = {Proc. Int. Congr. Glass},
 pages = {53-54},
 volume = {2},
 year = {2001}
}

@ARTICLE{Canning2005,
  AUTHOR =       {J. Canning and H. J. Deyerl and H. R. Sorensen and M. Kristensen},
  TITLE =        {Ultraviolet-induced birefringence in hydrogen-loaded  ical fiber},
  JOURNAL =      {Journal of Applied Physics},
  YEAR =         {2005},
  volume =       {97},
  pages =        {Article 053104},
}

@PhdThesis{HubnerPhD98,
author = {J. Hubner},
title = {Index engineering with Excimer Light},
school = {Mikroelectronik Center, DTU, Kgs. Lyngby, Denmark},
year = {1998},
}

@InProceedings{Hubner97,
author = {J. Hubner and M. Svalgaard and L. G. Nielsen and M. Kristensen},
title = {Phenomological Model of UV-induced Bragg Grating Growth in Germanosilicate Fibers},
booktitle = {Photonics West 97},
 pages = {11-21},
 year = {1997},
 number = {Paper 2998-2},
 address = {San Jose, California, USA},
}

@ARTICLE{Dyer95,
  AUTHOR =       {P .E. Dyer and R. J. Farley and R. Giedl},
  TITLE =        {Analysis of grating formation with excimer laser irradiated phase masks},
  JOURNAL =      { ics Communications},
  YEAR =         {1995},
  volume =       {115},
  pages =        {327-334},
}

@ARTICLE{Malo93_OL_V18,
  AUTHOR =       {B. Malo and D.C. Johnson and F. Bilodeau and J. Albert and K.0. Hill},
  TITLE =        {Single-excimer-pulse writing of fiber gratings by use of a zero-order nulled phase mask: grating spectral response and visualization of index perturbations},
  JOURNAL =      { ics Letters},
  YEAR =         {1993},
  volume =       {18},
  pages =        {1277-1279},
}

@InProceedings{Stubbe95,
author = {R. Stubbe and B. Sahlgren and S. Sandgren and A. Assen},
title = {Novel technique for writing long superstructured fibre Bragg gratings},
booktitle = {BGPP'95},
pages = {PD-1},
year = {1995},
}

@ARTICLE{Cole95,
  AUTHOR = {M. J. Cole and et. al.},
  TITLE = {UK patent},
}

// -----------------------------------

@ARTICLE{Hosono92,
  AUTHOR =       {H. Hosono and Y. Abe and D. L. Kinser and R. A. Weeks and K. Muta and H. Kawazoe},
  TITLE =        {Nature and origin of the 5-eV band in SiO$_2$:GeO$_2$ glasses},
  JOURNAL =      {Physical Review B},
  YEAR =         {1992},
  volume =       {46},
  pages =        {11445-11451},
}

@ARTICLE{Kristensen2001,
  AUTHOR =       {M. Kristensen},
  TITLE =        {Ultraviolet-light-induced processes in germanium-doped silica},
  JOURNAL =      {Physical Review B},
  YEAR =         {2001},
  volume =       {64},
  pages =        {4201-4212},
}

@ARTICLE{Sceats93,
  AUTHOR =       {M. G. Sceats and G. R. Atkins and S.B. Poole},
  TITLE =        {Photolytic index changes in  ical fibers},
  JOURNAL =      {Annual Review of Material Science},
  YEAR =         {1993},
  volume =       {23},
  pages =        {381-410},
}

@ARTICLE{Piao2000,
  AUTHOR =       {F. Piao and W. G. Oldham and E.E. Haller},
  TITLE =        {The mechanism of radiation-induced compaction in vitreous silica},
  JOURNAL =      {Journal of Non-Crystalline Solids},
  YEAR =         {2000},
  volume =       {276},
  pages =        {61-71},
}

@TechReport{report_chudinov_2010,
  author = {д. ч. юХДЙОПЧ and ф. д. юХДЙОПЧБ},
  title = {нЕФПДЩ ЙЪЗПФПЧМЕОЙС ЖПФПЙОДХГЙТПЧБООЩИ ТЕЫЕФПЛ РПЛБЪБФЕМС РТЕМПНМЕОЙС},
  institution = {тжсг-чоййфж},
  year = {2010},
  type = {рПУФБОПЧПЮОЩК ПФЮЕФ},
}

@ARTICLE{Dyer1994,
  AUTHOR =       {P. Dyer and R. Farley and R. Giedl and K. Byron},
  TITLE =        {},
  JOURNAL =      {Electron. Lett.},
  YEAR =         {1994},
  volume =       {30},
  number =     {14},
  pages =        {1133},
}

@InProceedings{Canning1995,
  author = {J. Canning and R. Pasman and M. G. Sceats},
  title = {},
  booktitle = {Proc. Conf. Photosens. Quadr. Non-Linearity in Glass Waveguids},
  pages = {86},
  year = {1995},
  address = {Portland, Oregon},
}

@InProceedings{LarionovProc2003,
  author = {Y. V. Larionov and A. A. Rybaltovsky and S. L. Semjonov, et. al.},
  title = {},
  booktitle = {Bragg Gratings Photosensitivity and Poling in Glass Waveguides},
  pages = {MC4},
  year = {2003},
  address = {Monterey, California},
}


@ARTICLE{LarionovInPress,
  AUTHOR =       {Y. V. Larionov and A. A. Rybaltovsky and S. L. Semjonov},
  TITLE =        {},
  JOURNAL =      {Electron. Lett.},
  YEAR =         {1994},
  volume =       {30},
  number =     {14},
  pages =        {1133},
}

@ARTICLE{Canning2000,
  AUTHOR =       {J. Canning},
  TITLE =        {},
  JOURNAL =      { ical Fiber Technology},
  YEAR =         {2000},
  volume =       {6},
  pages =        {275},
}

@Book{Dianov1998,
  author = {е. н. дЙБОПЧ and ч. ч. оЕХУФТХЕЧ},
  title = {чПМПЛПООП-ПРФЙЮЕУЛЙЕ ФЕИОПМПЗЙЙ, НБФЕТЙБМЩ Й ХУФТПКУФЧБ},
  publisher = {нПУЛЧБ: йЪДБФЕМШУФЧП о. вПЮЛБТЕЧПК},
  year = {1998},
}

@ARTICLE{Larionov2003,
  AUTHOR =       {а. ч. мБТЙПОПЧ and б. б. тЩВБМФПЧУЛЙК and у. м. уЕНЕОПЧ and н. б. лХТЪБОПЧ and б. ъ. пВЙДЙО and у. л. чБТФБРЕФПЧ},
  TITLE =        {},
  JOURNAL =      {лЧБОФПЧБС ЬМЕЛФТПОЙЛБ},
  YEAR =         {2003},
  volume =       {33},
  number =     {10},
  pages =        {919},
}

@InProceedings{DianovProc1999,
  author = {E. M. Dianov, et. al.},
  title = {},
  booktitle = {Tech. Dig. OFC99},
  pages = {PD25},
  year = {1999},
  address = {San Diego, USA},
}

@ARTICLE{Atezhev2003,
  AUTHOR =       {ч. ч. бФЕЦЕЧ and у. л. чБТФБРЕФПЧ and б. о. цХЛПЧ and н. б. лХТЪБОПЧ and б. ъ. пВЙДЙО},
  TITLE =        {},
  JOURNAL =      {лЧБОФПЧБС ЬМЕЛФТПОЙЛБ},
  YEAR =         {2003},
  volume =       {33},
  number =     {8},
  pages =        {689},
}

@ARTICLE{Larionov2004,
  AUTHOR =       {а. ч. мБТЙПОПЧ and б. б. тЩВБМФПЧУЛЙК and у. м. уЕНЕОПЧ and у. л. чБТФБРЕФПЧ and н. б. лХТЪБОПЧ and б. ъ. пВЙДЙО},
  TITLE =        {жПФПЮХЧУФЧФЙЕМШОПУФШ ЧПМПЛПООЩИ УЧЕФПЧПДПЧ, МЕЗЙТПЧБООЩИ ТБЪМЙЮОЩНЙ РТЙНЕУСНЙ},
  JOURNAL =      {лЧБОФПЧБС ЬМЕЛФТПОЙЛБ},
  YEAR =         {2004},
  volume =       {34},
  number =     {2},
  pages =        {175},
}

@ARTICLE{Ramccourt1999,
  AUTHOR =       {D. Ramccourt and P. Niay and P. Bernage and I. Riant and M. Douay},
  TITLE =        {},
  JOURNAL =      {Electron. Lett.},
  YEAR =         {1999},
  volume =       {35},
  number =     {4},
  pages =        {329},
}

// -------------------------------

%!TEX root = nir.tex

@ARTICLE{b1,
  AUTHOR =       {T. Erdogan},
  TITLE =        {Fiber grating spectra},
  JOURNAL =      {Journal of Lightwave Technology},
  YEAR =         {1997},
  volume =       {15},
  number =       {8},
  pages =        {1277-1294},
}

@BOOK{Collatz,
  AUTHOR =       {Л. Коллатц},
  TITLE =        {Численные методы решения дифференциальных уравнений},
  PUBLISHER =    {Москва, Иностранная литература},
  YEAR =         {1953},
}

@BOOK{Zhao,
  AUTHOR =       {J. Zhao},
  TITLE =        {An Object-oriented simulation programm for Fiber Bragg Gratings},
  PUBLISHER =    {PhD thesis},
  YEAR =         {2001},
}

@ARTICLE{Harun,
  AUTHOR =       {Sulaiman Wadi Harun and Prabakaran Poopalan and Harith Ahmad},
  TITLE =        {Fabrication of fiber bragg gratings in high germania boron co-doped  ical fiber by the phase mask method},
  JOURNAL =      {Jurnal Teknologi},
  YEAR =         {2002},
  volume =       {37},
  number =       {D},
  pages =        {11-18},
}

@ARTICLE{Chung,
  AUTHOR =       {K. M. Chung and L. Dong and C. Lu and H.Y. Tam},
  TITLE =        {Novel fiber Bragg grating fabrication system for long gratings with independent apodization and with local phase and wavelength control},
  JOURNAL =      { ics Express},
  YEAR =         {2011},
  volume =       {19},
  number =       {13},
  pages =        {12664},
}

@BOOK{skaar_phd,
  AUTHOR =       {J. Skaar},
  TITLE =        {Synthesis and characterisation of fiber bragg gratings},
  PUBLISHER =    {PhD thesis},
  YEAR =         {2000},
}

// -----------------------------

\\ -----------------  Фазирование с помощью ВРМБ. Обращение волнового фронта ---------------------------

@ARTICLE{121,
  AUTHOR =       {J. Anderegg, S. Brosan, M. Weber, H. Komine, and M. Wickham},
  TITLE =        {8-watt coherently phased 4-element fiber array},
  JOURNAL =      {Proc. of SPIE},
  YEAR =         {2003},
  volume =       {4974},
  number =       {},
  pages =        {1-6},
  month =        {},
  note =         {},
  abstract =     {},
  keywords =     {},
  source =       {},
}

@ARTICLE{122,
  AUTHOR =       {S.J. Augst, T.Y. Fan, and A. Sanchez},
  TITLE =        {Coherent beam combining and phase noise measurement of ytterbium fiber amplifiers},
  JOURNAL =      {Opt. Lett.},
  YEAR =         {2004},
  volume =       {29},
  number =       {},
  pages =        {474-476},
  month =        {},
  note =         {},
  abstract =     {},
  keywords =     {},
  source =       {},
}

@ARTICLE{123,
  AUTHOR =       {S. Hofer, H. Zellmer, J. Ruske, and R. Tunnermann},
  TITLE =        {Coherent beam combining of fiber amplifiers},
  JOURNAL =      {Proc. of CLEO},
  YEAR =         {22-27 June 2003},
  volume =       {635},
  number =       {},
  pages =        {},
  month =        {},
  note =         {},
  abstract =     {},
  keywords =     {},
  source =       {},
}

@ARTICLE{124,
  AUTHOR =       {R.H. Moyer, M. Valley, and M.C. Cimolino},
  TITLE =        {Beam combination through stimulated Brillouin scattering},
  JOURNAL =      {J. Opt. Soc. Am. B},
  YEAR =         {1988},
  volume =       {5},
  number =       {},
  pages =        {2473-2489},
  month =        {},
  note =         {},
  abstract =     {},
  keywords =     {},
  source =       {},
}

@ARTICLE{125,
  AUTHOR =       {R.H. Moyer},
  TITLE =        {Beam combination with stimulated Brillouin scattering: A Review},
  JOURNAL =      {Proc. of SPIE},
  YEAR =         {1988},
  volume =       {1000},
  number =       {},
  pages =        {25-32},
  month =        {},
  note =         {},
  abstract =     {},
  keywords =     {},
  source =       {},
}

@ARTICLE{126,
  AUTHOR =       {N.G. Basov, V.F. Efimkov, I.G. Zubarev, A.V. Kotov, A.B. Mironov, S.I. Mikhailov, and M.G. Smirnov},
  TITLE =        {Influence of certain radiation parameters on wave front reversal of a pump wave in a Brillouin mirror},
  JOURNAL =      {Sov. J. Quantum Electron.},
  YEAR =         {1979},
  volume =       {9},
  number =       {},
  pages =        {455458},
  month =        {},
  note =         {},
  abstract =     {},
  keywords =     {},
  source =       {},
}

@ARTICLE{127,
  AUTHOR =       {N.G. Basov, I.G. Zubarev, A.B. Mironov, S.I. Mikhailov, and A.Y. Okulov},
  TITLE =        {Laser interferometry with wavefront-reversing mirror},
  JOURNAL =      {Sov. Phys. JETP},
  YEAR =         {1980},
  volume =       {52},
  number =       {},
  pages =        {847-851},
  month =        {},
  note =         {},
  abstract =     {},
  keywords =     {},
  source =       {},
}

@ARTICLE{128,
  AUTHOR =       {M. Valley, G. Lombardi, and R. Aprahamian},
  TITLE =        {Beam combination by stimulated scattering},
  JOURNAL =      {J. Opt. Soc. Am. B},
  YEAR =         {1986},
  volume =       {3},
  number =       {},
  pages =        {1492-1497},
  month =        {},
  note =         {},
  abstract =     {},
  keywords =     {},
  source =       {},
}

@ARTICLE{129,
  AUTHOR =       {D.L. Carroll, R. Johnson, S. Pfiefer, and R. Moyer},
  TITLE =        {Experimental investigations of stimulated Brillouin scattering beam combination},
  JOURNAL =      {J. Opt. Soc. Am. B},
  YEAR =         {1992},
  volume =       {9},
  number =       {},
  pages =        {2214-2224},
  month =        {},
  note =         {},
  abstract =     {},
  keywords =     {},
  source =       {},
}

@ARTICLE{1210,
  AUTHOR =       {J. Falk, M. Kanefsky, and P. Suni},
  TITLE =        {Limits in the efficiency of beam combination by stimulated Brillouin scattering},
  JOURNAL =      {Opt. Lett. },
  YEAR =         {1988},
  volume =       {13},
  number =       {},
  pages =        {39-41},
  month =        {},
  note =         {},
  abstract =     {},
  keywords =     {},
  source =       {},
}

@ARTICLE{1211,
  AUTHOR =       {R. Chu, X. Hua, R. Mehringer, P. Suni, M. Kanefsky, and J. Falk},
  TITLE =        {A statistical description of stimulated Brillouin scattering beam combination efficiency},
  JOURNAL =      {IEEE J. Quant. Electr.},
  YEAR =         {1992},
  volume =       {28},
  number =       {},
  pages =        {1582-1592},
  month =        {},
  note =         {},
  abstract =     {},
  keywords =     {},
  source =       {},
}

@ARTICLE{1212,
  AUTHOR =       {D.A. Rockwell, C.R. Giuliano},
  TITLE =        {Coherent coupling of laser gain media using phase conjugation},
  JOURNAL =      {Opt. Lett.},
  YEAR =         {1986},
  volume =       {11},
  number =       {},
  pages =        {147-149},
  month =        {},
  note =         {},
  abstract =     {},
  keywords =     {},
  source =       {},
}

@ARTICLE{1213,
  AUTHOR =       {H. Becht},
  TITLE =        {Experimental investigation on phase locking of two Nd:YAG laser beams by stimulated Brillouin scattering},
  JOURNAL =      {J. Opt. Soc. Am. B},
  YEAR =         {1998},
  volume =       {15},
  number =       {},
  pages =        {1678-1684},
  month =        {},
  note =         {},
  abstract =     {},
  keywords =     {},
  source =       {},
}

@ARTICLE{1214,
  AUTHOR =       {S. Sternklar, D. Chomsky, S. Jackel, and A. Zigler},
  TITLE =        {Misalignment sensitivity of beam combination by stimulated Brillouin scattering},
  JOURNAL =      {Opt. Lett.},
  YEAR =         {1990},
  volume =       {15},
  number =       {},
  pages =        {469-470},
  month =        {},
  note =         {},
  abstract =     {},
  keywords =     {},
  source =       {},
}

@ARTICLE{1215,
  AUTHOR =       {S. Willis, W. Roh},
  TITLE =        {Beam phasing properties of optical fiber as a phase conjugate mirror},
  JOURNAL =      {Conf. Proc. LEOS},
  YEAR =         {2003},
  volume =       {1},
  number =       {},
  pages =        {105-106},
  month =        {},
  note =         {},
  abstract =     {},
  keywords =     {},
  source =       {},
}

@ARTICLE{1216,
  AUTHOR =       {B.W. Grime,  W.B. Roh,  T.G. Alley},
  TITLE =        {Beam phasing multiple fiber amplifiers using a fiber phase conjugate mirror},
  JOURNAL =      {Proc. of SPIE},
  YEAR =         {2006},
  volume =       {6102},
  number =       {},
  pages =        {61021c},
  month =        {},
  note =         {},
  abstract =     {},
  keywords =     {},
  source =       {},
}

\\ ----------------- Спектральное ОВФ  ------------------------

@ARTICLE{1300,
  AUTHOR =       {V.I. Kovalev, R.G. Harrison},
  TITLE =        {Coherent beam combining of fiber amplifier array output through spectral self-phase conjugation via SBS},
  JOURNAL =      {Proc. of SPIE},
  YEAR =         {2006},
  volume =       {6102},
  number =       {},
  pages =        {61021B},
  month =        {},
  note =         {},
  abstract =     {},
  keywords =     {},
  source =       {},
}

@ARTICLE{1310,
  AUTHOR =       {V.I. Kovalev, R.G. Harrison},
  TITLE =        {Origin of temporally stable continous wave Stokes emission in stimulated Brillouin scattering: evidence of spectral self-phase conjugation},
  JOURNAL =      {Opt. Lett.},
  YEAR =         {2005},
  volume =       {31},
  number =       {3389-3391},
  pages =        {},
  month =        {},
  note =         {},
  abstract =     {},
  keywords =     {},
  source =       {},
}


@ARTICLE{1311,
  AUTHOR =       {H. Kogelnik},
  TITLE =        {},
  JOURNAL =      {Bell System Technol. Journ.},
  YEAR =         {1965},
  volume =       {44},
  number =       {},
  pages =        {2451},
  month =        {},
  note =         {},
  abstract =     {},
  keywords =     {},
  source =       {},
}

@ARTICLE{1312,
  AUTHOR =       {J.H. Marburger},
  TITLE =        {Optical Pulse integration and chirp reversal in degenerate four-wave mixing},
  JOURNAL =      {Appl. Phys. Lett.},
  YEAR =         {1978},
  volume =       {32},
  number =       {},
  pages =        {372-374},
  month =        {},
  note =         {},
  abstract =     {},
  keywords =     {},
  source =       {},
}

@BOOK{1313,
  AUTHOR =       {Зельдович Б.Я., Пилипецкий Н.Ф., Шкунов В.В.},
  editor =       {},
  TITLE =        {Обращение волнового фронта},
  PUBLISHER =    {Москва, "Наука". Главная редакция физико-математической литературы},
  YEAR =         {1985},
  volume =       {},
  number =       {},
  series =       {},
  address =      {},
  edition =      {},
  month =        {},
  note =         {},
  abstract =     {},
  isbn =         {},
  price =        {},
  keywords =     {},
  source =       {},
}

@ARTICLE{1314,
  AUTHOR =       {D.A.B. Miller},
  TITLE =        {Time reversal of optical pulses by four-wave mixing},
  JOURNAL =      {Opt. Lett.},
  YEAR =         {1980},
  volume =       {5},
  number =       {},
  pages =        {300-302},
  month =        {},
  note =         {},
  abstract =     {},
  keywords =     {},
  source =       {},
}

@ARTICLE{1315,
  AUTHOR =       {D. Marom, D. Panasenko, R. Rokitski, P. Sun, Y. Fainman},
  TITLE =        {Time reversal of ultrafast waveform by wave-mixing of spectrally decomposed waves},
  JOURNAL =      {Opt. Lett.},
  YEAR =         {2000},
  volume =       {25},
  number =       {},
  pages =        {132-134},
  month =        {},
  note =         {},
  abstract =     {},
  keywords =     {},
  source =       {},
}

@ARTICLE{1316,
  AUTHOR =       {A. Yariv, D. Fekete, D.M. Pepper},
  TITLE =        {Compensation of channel dispersion by nonlinera optical phase conjugation},
  JOURNAL =      {Opt. Lett.},
  YEAR =         {1979},
  volume =       {4},
  number =       {},
  pages =        {52-54},
  month =        {},
  note =         {},
  abstract =     {},
  keywords =     {},
  source =       {},
}

@ARTICLE{1317,
  AUTHOR =       {R.A. Fisher, B.R. Suydam, D.Yevick},
  TITLE =        {Optical phase conjugation for time-domain undoing of dispersive self-phase-modulation effects},
  JOURNAL =      {Opt. Lett.},
  YEAR =         {1983},
  volume =       {8},
  number =       {},
  pages =        {611-613},
  month =        {},
  note =         {},
  abstract =     {},
  keywords =     {},
  source =       {},
}

@ARTICLE{1318,
  AUTHOR =       {M. Tsang, D. Psaltis},
  TITLE =        {Dispersion and nonlinearity compensation by spectral phase conjugation},
  JOURNAL =      {Opt. Lett.},
  YEAR =         {2003},
  volume =       {28},
  number =       {},
  pages =        {1558-1560},
  month =        {},
  note =         {},
  abstract =     {},
  keywords =     {},
  source =       {},
}

@ARTICLE{1319,
  AUTHOR =       {S. Watanabe, T. Naito, T. Chikama},
  TITLE =        {Compensation of chromatic dispersion in a single-mode fiber by optical phase conjugation},
  JOURNAL =      {IEEE Photon. Tech. Lett.},
  YEAR =         {1993},
  volume =       {5},
  number =       {},
  pages =        {92-95},
  month =        {},
  note =         {},
  abstract =     {},
  keywords =     {},
  source =       {},
}

@ARTICLE{1320,
  AUTHOR =       {M.C. Tatham, G. Sherlock, L.D. Westbrook},
  TITLE =        {Compensation fiber chromatic dispersion by optical phase conjugation in a semiconductor laser amplifier},
  JOURNAL =      {Electr. Lett.},
  YEAR =         {1993},
  volume =       {29},
  number =       {},
  pages =        {1851-1852},
  month =        {},
  note =         {},
  abstract =     {},
  keywords =     {},
  source =       {},
}

@ARTICLE{1321,
  AUTHOR =       {V.I. Kovalev},
  TITLE =        {Dispersive characteristics of a nonlinear response used for wave phase conjugation},
  JOURNAL =      {Bulletin of Russian Academy of Sciences, Physics},
  YEAR =         {1996},
  volume =       {60},
  number =       {},
  pages =        {908-920},
  month =        {},
  note =         {},
  abstract =     {},
  keywords =     {},
  source =       {},
}

@ARTICLE{1322,
  AUTHOR =       {D.M. Pepper, R.L. Abrams},
  TITLE =        {Narrow optical bandpas filter via nearly degenerate four-wave mixing},
  JOURNAL =      {Opt. Lett.},
  YEAR =         {1979},
  volume =       {3},
  number =       {},
  pages =        {212-214},
  month =        {},
  note =         {},
  abstract =     {},
  keywords =     {},
  source =       {},
}

@ARTICLE{1323,
  AUTHOR =       {N. Kroll},
  TITLE =        {Excitation of hypersonic vibration by means of photoelastic coupling of high-intesity light wave to elastic waves},
  JOURNAL =      {J. of Appl. Phys.},
  YEAR =         {1965},
  volume =       {36},
  number =       {},
  pages =        {34-43},
  month =        {},
  note =         {},
  abstract =     {},
  keywords =     {},
  source =       {},
}

@ARTICLE{1324,
  AUTHOR =       {C. Tang},
  TITLE =        {Saturation and spectral characteristics of the Stokes emission in the stimulated Brillouin scattering},
  JOURNAL =      {J. of Appl. Phys.},
  YEAR =         {1966},
  volume =       {37},
  number =       {},
  pages =        {29452955},
  month =        {},
  note =         {},
  abstract =     {},
  keywords =     {},
  source =       {},
}

@ARTICLE{1325,
  AUTHOR =       {A. Gaeta, R.W. Boyd},
  TITLE =        {Stochastic dynamics of stimulated Brillouin scattering in an optical fiber},
  JOURNAL =      {Phys. Rev. A},
  YEAR =         {1991},
  volume =       {44},
  number =       {},
  pages =        {3205-3209},
  month =        {},
  note =         {},
  abstract =     {},
  keywords =     {},
  source =       {},
}

@ARTICLE{1326,
  AUTHOR =       {V.I. Kovalev, R.G. Harrison},
  TITLE =        {Observation of inhomogeneous spectral broadening of stimulated Brillouin scattering in an optical fiber},
  JOURNAL =      {Phys. Rev. Lett.},
  YEAR =         {2000},
  volume =       {85},
  number =       {},
  pages =        {1879-1872},
  month =        {},
  note =         {},
  abstract =     {},
  keywords =     {},
  source =       {},
}

@ARTICLE{1327,
  AUTHOR =       {N.F. Andreev, V.I. Bespalov, A.M. Kiselev, A.M. Kubarev, G.A. Pasmanik},
  TITLE =        {Formation of pulses in stimulated scattering of light in extended media. Modulation of the intensities of transmitted and backscattered radiations},
  JOURNAL =      {Sov. J. Quantum Electron.},
  YEAR =         {1976},
  volume =       {6},
  number =       {},
  pages =        {1223-1225},
  month =        {},
  note =         {},
  abstract =     {},
  keywords =     {},
  source =       {},
}

@ARTICLE{1328,
  AUTHOR =       {V.I. Bespalov, E.L. Bubis, O.V. Kulagin, G.A. Pasmanik, A.A. Shilov},
  TITLE =        {Stimulated Brillouin scattering and stimulated thermal scattering of microsecond pulses},
  JOURNAL =      {Sov. J. Quantum Electron.},
  YEAR =         {1986},
  volume =       {16},
  number =       {},
  pages =        {1348-1352},
  month =        {},
  note =         {},
  abstract =     {},
  keywords =     {},
  source =       {},
}

@ARTICLE{1329,
  AUTHOR =       {E.P. Ippen, R.H. Stolen},
  TITLE =        {Stimulated Brillouin scattering in optical fibers},
  JOURNAL =      {Appl. Phys. Lett.},
  YEAR =         {1972},
  volume =       {21},
  number =       {},
  pages =        {539-541},
  month =        {},
  note =         {},
  abstract =     {},
  keywords =     {},
  source =       {},
}

@ARTICLE{1330,
  AUTHOR =       {I. Bar-Joseph, A.A. Friesem, E. Lichtman, R.G. Waarts},
  TITLE =        {Steady and relaxation oscillaions of stimulated Brillouin scattering in single-mode optical fibers},
  JOURNAL =      {J. Opt. Soc. Am. B},
  YEAR =         {1985},
  volume =       {2},
  number =       {},
  pages =        {1606-1611},
  month =        {},
  note =         {},
  abstract =     {},
  keywords =     {},
  source =       {},
}

@ARTICLE{1331,
  AUTHOR =       {E.M. Dianov, A.Ya. Karasik, A.V. Lutchnikov, A.N. Pilipetskii},
  TITLE =        {Saturation effects at backward-stimulated scattering in the single-mode regime of interaction},
  JOURNAL =      {Opt. and Quant. Electr.},
  YEAR =         {1989},
  volume =       {21},
  number =       {},
  pages =        {381-395},
  month =        {},
  note =         {},
  abstract =     {},
  keywords =     {},
  source =       {},
}

@ARTICLE{1332,
  AUTHOR =       {R.G. Harrison, J.S. Uppal, A. Johnston, J.V. Moloney},
  TITLE =        {Evidence of chaotic stimulated Brillouin scattering in optical fibers},
  JOURNAL =      {Phys. Rev. Lett.},
  YEAR =         {1990},
  volume =       {65},
  number =       {},
  pages =        {167-170},
  month =        {},
  note =         {},
  abstract =     {},
  keywords =     {},
  source =       {},
}

@ARTICLE{1333,
  AUTHOR =       {M. Dammig, G. Zinner, F. Mitschke, H. Welling},
  TITLE =        {Stimulated Brillouin scattering in fibers with and without feedback},
  JOURNAL =      {Phys. Rev. A},
  YEAR =         {1993},
  volume =       {48},
  number =       {},
  pages =        {3301-3309},
  month =        {},
  note =         {},
  abstract =     {},
  keywords =     {},
  source =       {},
}

@ARTICLE{1334,
  AUTHOR =       {A.A. Fotiadi, R.V. Kiyan},
  TITLE =        {Cooperative stimulated Brillouin and Reyleigh backscattering process in optical fiber},
  JOURNAL =      {Opt. Lett.},
  YEAR =         {1998},
  volume =       {23},
  number =       {},
  pages =        {1805-1807},
  month =        {},
  note =         {},
  abstract =     {},
  keywords =     {},
  source =       {},
}

@ARTICLE{1335,
  AUTHOR =       {V.I. Kovalev, R.G. Harrison, A.M. Scott},
  TITLE =        {The build-up of stimulated Brillouin scattering excited by pulsed pump radiation in optical fiber},
  JOURNAL =      {Opt. Commun.},
  YEAR =         {2000},
  volume =       {185},
  number =       {},
  pages =        {185-189},
  month =        {},
  note =         {},
  abstract =     {},
  keywords =     {},
  source =       {},
}

@ARTICLE{1336,
  AUTHOR =       {V.I. Kovalev, R.G. Harrison},
  TITLE =        {Spectral broadening of continous-wave monochromatic pump radiation caused by stimulated Brillouin scattering in optical fiber},
  JOURNAL =      {Opt. Lett.},
  YEAR =         {2004},
  volume =       {29},
  number =       {},
  pages =        {379-381},
  month =        {},
  note =         {},
  abstract =     {},
  keywords =     {},
  source =       {},
}

@ARTICLE{1337,
  AUTHOR =       {B.Ya. Zel'dovich, V.I. Popovichev, V.V. Ragulskii, F.S. Faizullov},
  TITLE =        {Connection between the wave fronts of the reflected and excited light in stimulated Mandel'shtam-Brillouin scattering},
  JOURNAL =      {JETP Lett.},
  YEAR =         {1972},
  volume =       {15},
  number =       {},
  pages =        {109-112},
  month =        {},
  note =         {},
  abstract =     {},
  keywords =     {},
  source =       {},
}

@ARTICLE{1338,
  AUTHOR =       {N.G. Basov, V.F. Efimkov, I.G. Zubarev, S.I. Mikhailov},
  TITLE =        {Formation of spatio-temporal structure of light waves in stimulated scattering},
  JOURNAL =      {Proceedings of Lebedev Physical Institute},
  YEAR =         {1988},
  volume =       {172},
  number =       {},
  pages =        {12-146},
  month =        {},
  note =         {},
  abstract =     {},
  keywords =     {},
  source =       {},
}

@ARTICLE{1339,
  AUTHOR =       {I.Yu. Anikeev, I.G. Zubarev, S.I. Mikhailov},
  TITLE =        {Stimulated scattering of spatially incoherent optical radiation},
  JOURNAL =      {Sov. Phys. JETP},
  YEAR =         {1983},
  volume =       {57},
  number =       {},
  pages =        {978-983},
  month =        {},
  note =         {},
  abstract =     {},
  keywords =     {},
  source =       {},
}

@ARTICLE{1340,
  AUTHOR =       {A. Yariv},
  TITLE =        {Compensation for atmospheric degradation of optical transmission by nonlinear optical mixing},
  JOURNAL =      {Opt. Commun.},
  YEAR =         {1977},
  volume =       {21},
  number =       {},
  pages =        {49-50},
  month =        {},
  note =         {},
  abstract =     {},
  keywords =     {},
  source =       {},
}

\\ ----------------------------------------------
\\  Технология каплеров
\\ ----------------------------------------------


@ARTICLE{comb_tech_20,
  author = {V. Gapontsev and I. Samartsev},
  title = {Coupling arrangement between a multi-mode light source and an optical fiber through an intermediate optical fiber length},
  journal = {U.S. Patent No., 5,999,673},
  year = {1999},
  volume = {},
  pages = {},
  language = {english}
}

@ARTICLE{comb_tech_21,
  author = {F. Hakimi and H. Hakimi},
  title = {A new side coupling method for double clad fiber amplifers},
  journal = {Proceedings of IEEE Conference on Lasers and Electro-Optics},
  year = {2001},
  volume = {paper CTuDP},
  pages = {},
  language = {english}
}

@ARTICLE{comb_tech_22,
  author = {Y. Sintov and P. Tikva},
  title = {Optical apparatus including pump guiding fiber and receiving fiber},
  journal = {U.S. Patent No., 7,277,612},
  year = {2007},
  volume = {},
  pages = {},
  language = {english}
}

@ARTICLE{comb_tech_23,
  author = {A. B. Grudinin and D. N. Payne and P. W. Turner and L. J. A. Nilsson and M. N. Zervas and M. Ibsen and M. K. Durkin},
  title = {Multi-fibre arrangements for high power fibre lasers and amplifers},
  journal = {U.S. Patent No., 6,826,335},
  year = {2004},
  volume = {},
  pages = {},
  language = {english}
}

@ARTICLE{comb_tech_24,
  author = {S. Norman and M. Zervas and A. Appleyard and P. Skull and D. Walker and P. Turner and I. Crowe},
  title = {Power scaling of high power fiber lasers for micromachining and materials processing applications},
  journal = {Proc. SPIE},
  year = {2006},
  volume = {6102},
  pages = {61021P},
  language = {english}
}

@ARTICLE{comb_tech_25,
  author = {D. J. DiGiovanni and A. J. Stentz},
  title = {Tapered fiber bundles for coupling light into and out of cladding-pumped fiber devices},
  journal = {U.S. Patent No., 5,864,644},
  year = {1999},
  volume = {},
  pages = {},
  language = {english}
}

@ARTICLE{comb_tech_26,
  author = {A. Kosterin and V. Temyanko and M. Fallahi and M. Mansuripur},
  title = {Tapered fiber bundles for combining high-power diode lasers},
  journal = {Appl. Opt.},
  year = {2004},
  volume = {43},
  pages = {3893-3900},
  language = {english}
}

@ARTICLE{comb_tech_27,
  author = {F. Gonthier and L. Martineau and N. Azami and M. Faucher and F. Seguin and D. Stryckman and A. Villeneuve},
  title = {High-power all-fiber components: The missing link for high power fiber lasers},
  journal = {Proc. SPIE},
  year = {2004},
  volume = {5335},
  pages = {266-276},
  language = {english}
}

@ARTICLE{comb_tech_28,
  author = {F. Seguin and A. Wetter and L. Martineau and M. Faucher and C. Delisle and S. Caplette},
  title = {Tapered fused bundle coupler package for reliable high optical power dissipation},
  journal = {Proc. SPIE},
  year = {2006},
  volume = {6102},
  pages = {61021N},
  language = {english}
}

@ARTICLE{comb_tech_29,
  author = {A. Braglia and M. Olivero and A. Neri and G. Perrone},
  title = {Fabrication of pump combiners for high power fiber lasers},
  journal = {Proc. SPIE},
  year = {2011},
  volume = {7914},
  pages = {79142V},
  language = {english}
}

@ARTICLE{comb_tech_30,
  author = {M. Nakai and K. Shima and M. Saito and T. Kitabayashi},
  title = {30W Q-SW fiber laser},
  journal = {Proc. SPIE},
  year = {2007},
  volume = {6453},
  pages = {645319},
  language = {english}
}

@ARTICLE{comb_tech_31,
  author = {F. Gonthier and L. Martineau and A. V. F. Seguin and M. Faucher and N. Azami and M. Garneau},
  title = {Optical coupler comprising multimode fibers and method of making the same},
  journal = {U.S. Patent No., 7,046,875},
  year = {2006},
  volume = {},
  pages = {},
  language = {english}
}

@ARTICLE{comb_tech_32,
  author = {F. Gonthier and M. Garneau and N. Vachon},
  title = {Multimode fiber outer cladding coupler for multi-clad fibers},
  journal = {U.S. Patent No., 7,933,479},
  year = {2011},
  volume = {},
  pages = {},
  language = {english}
}

@ARTICLE{comb_tech_33,
  author = {F. Gonthier},
  title = {Method and device for optically coupling optical fibres},
  journal = {U.S. Patent No., 7,539,377},
  year = {2009},
  volume = {},
  pages = {},
  language = {english}
}

@ARTICLE{comb_tech_34,
  author = {F. Gonthier},
  title = {Novel designs for pump and signal fiber combiners},
  journal = {Proc. SPIE},
  year = {2010},
  volume = {7580},
  pages = {758019},
  language = {english}
}

@ARTICLE{comb_tech_35,
  author = {A. Salokatve},
  title = {Means of coupling light into optical fibers and methods of manufacturing a coupler},
  journal = {U.S. Patent No., 7,991,255},
  year = {2011},
  volume = {},
  pages = {},
  language = {english}
}

@online{comb_tech_36,
  title={ITF Labs},
  author={},
  journal={},
  number={},
  pages={},
  year={},
  medium={Электронный ресурс},
  url = {http://www.itflabs.com},
  urldate = {19.08.2016},
  language = {english}
}

@online{comb_tech_37,
  title={Gooch and Housego},
  author={},
  journal={},
  number={},
  pages={},
  year={},
  medium={Электронный ресурс},
  url = {http://www.goochandhousego.com},
  urldate = {19.08.2016},
  language = {english}
}

@BOOK{comb_tech_52,
  author = {A. D. Yablon},
  title = {Optical fiber fusion splicing},
  edition = {},
  address = {},
  publisher = {Springer},
  year = {2005},
  numpages = {},
  language = {russian}
}

@ARTICLE{comb_tech_53,
  author = {I. Hatakeyama and H. Tsuchiya},
  title = {Fusion splices for single-mode optical fibers},
  journal = {IEEE J. Quantum Electron.},
  year = {1978},
  volume = {QE-14},
  pages = {614-619},
  language = {english}
}

@ARTICLE{comb_tech_54,
  author = {D. L. Bisbee},
  title = {Splicing silica fibers with an electric arc},
  journal = {Applied Optics},
  year = {1976},
  volume = {15},
  pages = {796-798},
  language = {english}
}

@ARTICLE{comb_tech_55,
  author = {D. L. Bisbee},
  title = {Optical fiber joining technique},
  journal = {Bell Syst. Tech. J},
  year = {1971},
  volume = {50},
  pages = {3153-3158},
  language = {english}
}

@ARTICLE{comb_tech_56,
  author = {J. T. Krause and C. R. Kurkjian},
  title = {Fibre splices with \"perfect fibre\" strengths of 5.5 GPa, v<0.01},
  journal = {Electron. Lett.},
  year = {1985},
  volume = {21},
  pages = {533-535},
  language = {english}
}

@ARTICLE{comb_tech_57,
  author = {H. Fujita and Y. Suzaki and A. Tachibana},
  title = {Optical fiber splicing technique with a CO2 laser},
  journal = {Applied Optics},
  year = {1976},
  volume = {15},
  pages = {320-321},
  language = {english}
}

@online{comb_tech_58,
  title={Vytran},
  author={},
  journal={},
  number={},
  pages={},
  year={},
  medium={Электронный ресурс},
  url = {http://www.vytran.com},
  urldate = {19.08.2016},
  language = {english}
}

@ARTICLE{comb_tech_59,
  author = {W. B and E. Mies},
  title = {Review of fabrication techniques for fused fiber components for fiber lasers},
  journal = {Proc. SPIE},
  year = {2009},
  volume = {71951},
  pages = {71950A},
  language = {english}
}

@BOOK{comb_tech_60,
  author = {A. W. Snyder and J. D. Love},
  title = {Optical waveguide theory},
  edition = {},
  address = {},
  publisher = {Kluwer Academic},
  year = {1983},
  numpages = {},
  language = {russian}
}

@ARTICLE{comb_tech_61,
  author = {W. J. Stewart and J. D. Love},
  title = {Design limitation on tapers and couplers in single mode fibres},
  journal = {Proceedings of European Conference on Optical Communication},
  year = {1985},
  volume = {},
  pages = {},
  language = {english}
}

@ARTICLE{comb_tech_62,
  author = {J. D. Love and W. M. Henry},
  title = {Quantifying loss minimization in singlemode fibre tapers},
  journal = {Electron. Lett.},
  year = {1986},
  volume = {22},
  pages = {912-914},
  language = {english}
}

@ARTICLE{comb_tech_63,
  author = {T. A. Birks and Y. W. Li},
  title = {The shape of fiber tapers},
  journal = {Journal of Lightwave Technology},
  year = {1992},
  volume = {10},
  pages = {432-438},
  language = {english}
}

@ARTICLE{comb_tech_70,
  author = {D. Bayart and L. Fiberthelot},
  title = {Optical coupler for a multimode pump},
  journal = {U.S. Patent No., 6,778,562},
  year = {2004},
  volume = {},
  pages = {},
  language = {english}
}

@ARTICLE{comb_tech_75,
  author = {B. G. Ward and D. L. S. Jr. and J. D. Tafoya},
  title = {A monolithic pump signal multiplexer for air-clad photonic crystal fiber amplifiers},
  journal = {Proc. SPIE},
  year = {2010},
  volume = {7580},
  pages = {75801C},
  language = {english}
}

@ARTICLE{comb_tech_81,
  author = {D. A. V. Kliner and K. Chong and J. Franke and T. Gordon and J. Gregg and W. Gries and H. Hu and H. Ishiguroa and V. Issier and B. Kharlamov and A. Kliner and M. Kobayashi and K.-H. Liao and J. Lugo and J. Luu and D. Meng and J. J. Morehead and M. H. Muendel and L. E. Myers and K. Nguyen and H. Sakoa and K. Schneider and J. Segall and K. Shigeoka and R. Srinivasan and D. Tucker and D. Woll and D. L. Woods and H. Yu and C. Zhang},
  title = {4-kW fiber laser for metal cutting and welding},
  journal = {Proc. SPIE},
  year = {2011},
  volume = {7914},
  pages = {791418},
  language = {english}
}

@ARTICLE{comb_tech_82,
  author = {P. Yan and S. Yin and J. He and C. Fu and Y. Wang and M. Gong},
  title = {1.1-kW ytterbium monolithic fiber laser with assembled end-pump scheme to couple high brightness single emitters},
  journal = {IEEE Phot. Tech. Lett.},
  year = {2011},
  volume = {23},
  pages = {697-699},
  language = {english}
}

@ARTICLE{comb_tech_89,
  author = {N. S. Platonov and D. V. Gapontsev and V. P. Gapontsev and V. Shumilin},
  title = {135W CW fiber laser with perfect single mode output},
  journal = {Proceedings of IEEE Conference on Lasers and Electro-Optics},
  year = {2002},
  volume = {CPDC3},
  pages = {},
  language = {english}
}

@ARTICLE{comb_tech_90,
  author = {J. Limpert and A. Liem and H. Zellmer and A. Tunnermann},
  title = {500W continuous-wave fiber laser with excellent beam quality},
  journal = {Electron. Lett.},
  year = {2003},
  volume = {39},
  pages = {645-647},
  language = {english}
}

@ARTICLE{comb_tech_91,
  author = {C.-H. Liu and A. Galvanauskas and B. Ehlers and F. Doerfel and S. Heinemann and A. Carter and K. Tankala and J. Farroni},
  title = {810W single transverse mode Yb-doped fiber laser},
  journal = {Proc. Advanced Solid-State Photonics},
  year = {2004},
  volume = {PDP17},
  pages = {},
  language = {english}
}

@ARTICLE{comb_tech_92,
  author = {Y. Jeong and J. Sahu and D. Payne and J. Nilsson},
  title = {Ytterbium-doped largecore fiber laser with 1.36 kW continuous-wave output power},
  journal = {Opt. Express},
  year = {2004},
  volume = {12},
  pages = {6088-6092},
  language = {english}
}

@ARTICLE{comb_tech_93,
  author = {D. Gapontsev},
  title = {6kW CW single mode Ytterbium fiber laser in all-fiber format},
  journal = {Proc. Solid State and Diode Laser Technology Review},
  year = {2008},
  volume = {},
  pages = {},
  language = {english}
}

@ARTICLE{comb_tech_94,
  author = {T. Y. Fan},
  title = {Laser beam combining for high-power, high-radiance sources},
  journal = {IEEE J: Sel. Top. Quantum Electron.},
  year = {2005},
  volume = {11},
  pages = {567-577},
  language = {english}
}

@ARTICLE{comb_tech_95,
  author = {T. H. Loftus and A. Liu and P. R. Hoffman and A. M. Thomas and M. Norsen and R. Royse and E. Honea},
  title = {522 W average power, spectrally beamcombined fiber laser with near-diffraction-limited beam quality},
  journal = {Opt. Lett.},
  year = {2007},
  volume = {32},
  pages = {349-351},
  language = {english}
}

@ARTICLE{comb_tech_96,
  author = {C. Wirth and O. Schmidt and I. Tsybin and T. Schreifiber and T. Peschel and F. Bruckner and T. Clausnitzer and J. Limpert and R. Efiberhardt and A. Tunnermann and M. Gowin and E. ten Have and K. Ludewigt and M. Jung},
  title = {2 kW incoherent beam combining of four narrow-linewidth photonic crystal fiber amplifiers},
  journal = {Opt. Express},
  year = {2009},
  volume = {17},
  pages = {1178-1183},
  language = {english}
}

@ARTICLE{comb_tech_97,
  author = {Y. Shamir and Y. Sintov and M. Shtaif},
  title = {Incoherent beam combining of multiple single-mode fiber lasers utilizing fused tapered bundling},
  journal = {Proc. SPIE},
  year = {2010},
  volume = {7580},
  pages = {},
  language = {english}
}

@ARTICLE{comb_tech_98,
  author = {M. Muendel and R. Farrow and K.-H. Liao and D. Woll and J. Luu and C. Zhang and J. J. Morehead and J. Segall and J. Gregg and K. Tai and B. Kharlamov and H. Yu and L. Myers},
  title = {Fused fiber pump- and signal-combiners for a 4-kW Ytterbium fiber-laser},
  journal = {Proc. SPIE},
  year = {2011},
  volume = {7914},
  pages = {791431},
  language = {english}
}

@online{comb_tech_99,
  title={JDSU},
  author={},
  journal={},
  number={},
  pages={},
  year={},
  medium={Электронный ресурс},
  url = {http://www.jdsu.com},
  urldate = {19.08.2016},
  language = {english}
}

@online{comb_tech_100,
  title={Oclaro},
  author={},
  journal={},
  number={},
  pages={},
  year={},
  medium={Электронный ресурс},
  url = {http://www.oclaro.com},
  urldate = {19.08.2016},
  language = {english}
}

@online{comb_tech_113,
  title={Optoskand},
  author={},
  journal={},
  number={},
  pages={},
  year={},
  medium={Электронный ресурс},
  url = {http://www.optoskand.se},
  urldate = {19.08.2016},
  language = {english}
}

@online{comb_tech_114,
  title={Rofin},
  author={},
  journal={},
  number={},
  pages={},
  year={},
  medium={Электронный ресурс},
  url = {http://www.rofin.com},
  urldate = {19.08.2016},
  language = {english}
}

@online{comb_tech_115,
  title={Primes},
  author={},
  journal={},
  number={},
  pages={},
  year={},
  medium={Электронный ресурс},
  url = {http://www.primes.de},
  urldate = {19.08.2016},
  language = {english}
}

//---------
// introduction

@ARTICLE{into_las_1,
  author = {E. Snitzer},
  title = {Optical Maser Action of Nd +3 in a Barium Crown Glass},
  journal = {Physical Review Letters},
  year = {1961},
  volume = {},
  pages = {},
  language = {english}
}

@ARTICLE{into_las_2,
  author = {R. J. Mears and L. Reekie and S. B. Poole and D. N. Payne},
  title = {Low-threshold tunable CW and Q-switched fibre laser operating at 1.55 $\mu m$},
  journal = {Electronics letters},
  year = {1986},
  volume = {22:3},
  pages = {159-160},
  language = {english}
}

@ARTICLE{into_las_3,
  author = {E. Snitzer and H. Po and F. Hakimi and R. Tumminelli and B.C. McCollum},
  title = {Double clad, offset core Nd fiber laser},
  journal = {In Optical Fiber Sensors},
  year = {1988},
  volume = {},
  pages = {PD5},
  language = {english}
}

@online{into_las_16,
  title={Photonics West: laser markets look good thru 2012},
  author={},
  journal={},
  number={},
  pages={},
  year={2011},
  medium={Электронный ресурс},
  url = {http://optics.org/news/2/1/18},
  urldate = {31.10.2016},
  language = {english}
}

@ARTICLE{into_fbg_1,
  author = {N. Jovanovic and M. Aslund and A. Fuerbach and S. D. Jackson and G. D. Marshall and M. J. Withford},
  title = {Narrow linewidth,100 W cw Yb 3+ -doped silica fiber laser with a point-by-point Bragg grating inscribed directly into the active core
},
  journal = {Opt. Lett.},
  year = {2007},
  volume = {32},
  number = {19},
  pages = {2804-2806},
  language = {english}
}

@ARTICLE{into_fbg_2,
  author = {J. Canning},
  title = {Fibre gratings and devices for sensors and lasers},
  journal = {Laser Photon. Rev.},
  year = {2008},
  volume = {2},
  pages = {275-289},
  language = {english}
}

@ARTICLE{into_fbg_3,
  author = {G. Brambilla and H. Rutt},
  title = {Fiber Bragg gratings with enhanced thermal stability},
  journal = {Appl. Phys. Lett.},
  year = {2002},
  volume = {80},
  pages = {3259-3261},
  language = {english}
}

@ARTICLE{into_fbg_4,
  author = {G. Brambilla},
  title = {High-temperature fibre Bragg grating thermometer},
  journal = {Electron. Lett.},
  year = {2002},
  volume = {38},
  pages = {954-955},
  language = {english}
}

@ARTICLE{into_fbg_5,
  author = {T. Erdogan and V. Mizrahi and P. J. Lemaire and D. Monroe},
  title = {Decay of ultraviolet-induced fiber Bragg gratings},
  journal = {J. Appl. Phys.},
  year = {1994},
  volume = {76},
  pages = {73-80},
  language = {english}
}

@ARTICLE{into_fbg_6,
  author = {M. Aslund and J. Canning},
  title = {Annealing properties of gratings written into UV-presensitized hydrogen-outdiffused optical fiber},
  journal = {Opt. Lett.},
  year = {2000},
  volume = {25},
  pages = {692-694},
  language = {english}
}

@ARTICLE{into_fbg_7,
  author = {J. L. Archambault and L. Reekie and P. St. J.Russell},
  title = {100% reflectivity Bragg reflectors produced in optical fibres by single excimer laser pulses},
  journal = {Electron. Lett.},
  year = {1993},
  volume = {29},
  pages = {453-455},
  language = {english}
}

@ARTICLE{into_fbg_8,
  author = {M. Fokine},
  title = {Formation of thermally stable chemical composition gratings in optical fibers},
  journal = {J. Opt. Soc. Am. B},
  year = {2002},
  volume = {19},
  pages = {1759-1765},
  language = {english}
}

@ARTICLE{into_fbg_9,
  author = {M. Fokine},
  title = {Thermal stability of oxygen-modulated chemical-composition gratings in standard telecommunication fiber},
  journal = {Opt. Lett.},
  year = {2004},
  volume = {29},
  pages = {1185-1187},
  language = {english}
}

@ARTICLE{into_fbg_10,
  author = {S. Bandyopadhyay and J. Canning and M. Stevenson and K. Cook},
  title = {Ultrahigh-temperature regenerated gratings in boron-codoped germanosilicate optical fiber using 193 nm},
  journal = {Opt. Lett. },
  year = {2008},
  volume = {33},
  pages = {1917-1919},
  language = {english}
}

@ARTICLE{into_fbg_11,
  author = {J. Canning and M. Stevenson and S. Bandyopadhyay and K. Cook},
  title = {Extreme Silica Optical Fibre Gratings},
  journal = {Sensors},
  year = {2008},
  volume = {8},
  pages = {6448-6452},
  language = {english}
}

@ARTICLE{into_fbg_12,
  author = {D. Grobnic and C. W. Smelser and S. J. Mihailov and R. B. Walker},
  title = {Long-term thermal stability tests at 1000 ºC of silica fibre Bragg gratings made with ultrafast laser radiation},
  journal = {Meas. Sci. Technol.},
  year = {2006},
  volume = {17},
  pages = {1009-1013},
  language = {english}
}

@ARTICLE{into_fbg_13,
  author = {Y. Li and C. R. Liao and D. N. Wang and T. Sun and K. T. V. Grattan},
  title = {Study of spectral and annealing properties of fiber Bragg gratings written in H2-free and H2-loaded fibers by use of femtosecond laser pulses},
  journal = {Opt. Express},
  year = {2008},
  volume = {16},
  pages = {21239-21247},
  language = {english}
}

@ARTICLE{into_fbg_14,
  author = {C. W. Smelser and S. J. Mihailov and D. Grobnic},
  title = {Formation of Type I-IR and Type II-IR gratings with an ultrafast IR laser and a phase mask},
  journal = {Opt. Express},
  year = {2005},
  volume = {13},
  pages = {5377-5386},
  language = {english}
}

@ARTICLE{into_fbg_15,
  author = {U. C. Paek and C. R. Kurkjian},
  title = {Calculation of cooling rate and induced stresses in drawing of optical fibers},
  journal = {J. Am. Ceram. Soc.},
  year = {1975},
  volume = {58},
  pages = {330-334},
  language = {english}
}
